<?xml version='1.0' encoding='UTF-8'?>
<collection xmlns="http://www.loc.gov/MARC21/slim">
  <record>
    <datafield tag="010" ind1="9" ind2="9">
      <subfield code="9">testing</subfield>
    </datafield>
    <datafield tag="011" ind1="9" ind2="9">
      <subfield code="9">testing</subfield>
    </datafield>
    <datafield tag="012" ind1="9" ind2="9">
      <subfield code="9">testing</subfield>
    </datafield>
    <datafield tag="013" ind1="9" ind2="9">
      <subfield code="9">testing</subfield>
    </datafield>
    <datafield tag="014" ind1="9" ind2="9">
      <subfield code="9">testing</subfield>
    </datafield>
    <datafield tag="015" ind1="9" ind2="9">
      <subfield code="9">testing</subfield>
    </datafield>
    <datafield tag="016" ind1="9" ind2="9">
      <subfield code="9">testing</subfield>
    </datafield>
    <datafield tag="017" ind1="9" ind2="9">
      <subfield code="9">testing</subfield>
    </datafield>
    <datafield tag="018" ind1="9" ind2="9">
      <subfield code="9">testing</subfield>
    </datafield>
    <datafield tag="019" ind1="9" ind2="9">
      <subfield code="9">testing</subfield>
    </datafield>
    <datafield tag="824" ind1="9" ind2="9">
      <subfield code="9">testing</subfield>
    </datafield>
    <datafield tag="344" ind1="9" ind2="9">
      <subfield code="9">testing</subfield>
    </datafield>
    <datafield tag="345" ind1="9" ind2="9">
      <subfield code="9">testing</subfield>
    </datafield>
    <datafield tag="346" ind1="9" ind2="9">
      <subfield code="9">testing</subfield>
    </datafield>
    <datafield tag="347" ind1="9" ind2="9">
      <subfield code="9">testing</subfield>
    </datafield>
    <datafield tag="340" ind1="9" ind2="9">
      <subfield code="9">testing</subfield>
    </datafield>
    <datafield tag="341" ind1="9" ind2="9">
      <subfield code="9">testing</subfield>
    </datafield>
    <datafield tag="342" ind1="9" ind2="9">
      <subfield code="9">testing</subfield>
    </datafield>
    <datafield tag="343" ind1="9" ind2="9">
      <subfield code="9">testing</subfield>
    </datafield>
    <datafield tag="810" ind1="9" ind2="9">
      <subfield code="9">testing</subfield>
    </datafield>
    <datafield tag="811" ind1="9" ind2="9">
      <subfield code="9">testing</subfield>
    </datafield>
    <datafield tag="812" ind1="9" ind2="9">
      <subfield code="9">testing</subfield>
    </datafield>
    <datafield tag="813" ind1="9" ind2="9">
      <subfield code="9">testing</subfield>
    </datafield>
    <datafield tag="348" ind1="9" ind2="9">
      <subfield code="9">testing</subfield>
    </datafield>
    <datafield tag="349" ind1="9" ind2="9">
      <subfield code="9">testing</subfield>
    </datafield>
    <datafield tag="816" ind1="9" ind2="9">
      <subfield code="9">testing</subfield>
    </datafield>
    <datafield tag="817" ind1="9" ind2="9">
      <subfield code="9">testing</subfield>
    </datafield>
    <datafield tag="595" ind1="9" ind2="9">
      <subfield code="9">testing</subfield>
    </datafield>
    <datafield tag="719" ind1="9" ind2="9">
      <subfield code="9">testing</subfield>
    </datafield>
    <datafield tag="718" ind1="9" ind2="9">
      <subfield code="9">testing</subfield>
    </datafield>
    <datafield tag="717" ind1="9" ind2="9">
      <subfield code="9">testing</subfield>
    </datafield>
    <datafield tag="716" ind1="9" ind2="9">
      <subfield code="9">testing</subfield>
    </datafield>
    <datafield tag="715" ind1="9" ind2="9">
      <subfield code="9">testing</subfield>
    </datafield>
    <datafield tag="714" ind1="9" ind2="9">
      <subfield code="9">testing</subfield>
    </datafield>
    <datafield tag="713" ind1="9" ind2="9">
      <subfield code="9">testing</subfield>
    </datafield>
    <datafield tag="712" ind1="9" ind2="9">
      <subfield code="9">testing</subfield>
    </datafield>
    <datafield tag="711" ind1="9" ind2="9">
      <subfield code="9">testing</subfield>
    </datafield>
    <datafield tag="710" ind1="9" ind2="9">
      <subfield code="9">testing</subfield>
    </datafield>
    <datafield tag="915" ind1="9" ind2="9">
      <subfield code="9">testing</subfield>
    </datafield>
    <datafield tag="914" ind1="9" ind2="9">
      <subfield code="9">testing</subfield>
    </datafield>
    <datafield tag="606" ind1="9" ind2="9">
      <subfield code="9">testing</subfield>
    </datafield>
    <datafield tag="917" ind1="9" ind2="9">
      <subfield code="9">testing</subfield>
    </datafield>
    <datafield tag="594" ind1="9" ind2="9">
      <subfield code="9">testing</subfield>
    </datafield>
    <datafield tag="736" ind1="9" ind2="9">
      <subfield code="9">testing</subfield>
    </datafield>
    <datafield tag="916" ind1="9" ind2="9">
      <subfield code="9">testing</subfield>
    </datafield>
    <datafield tag="911" ind1="9" ind2="9">
      <subfield code="9">testing</subfield>
    </datafield>
    <datafield tag="619" ind1="9" ind2="9">
      <subfield code="9">testing</subfield>
    </datafield>
    <datafield tag="910" ind1="9" ind2="9">
      <subfield code="9">testing</subfield>
    </datafield>
    <datafield tag="913" ind1="9" ind2="9">
      <subfield code="9">testing</subfield>
    </datafield>
    <datafield tag="298" ind1="9" ind2="9">
      <subfield code="9">testing</subfield>
    </datafield>
    <datafield tag="299" ind1="9" ind2="9">
      <subfield code="9">testing</subfield>
    </datafield>
    <datafield tag="296" ind1="9" ind2="9">
      <subfield code="9">testing</subfield>
    </datafield>
    <datafield tag="297" ind1="9" ind2="9">
      <subfield code="9">testing</subfield>
    </datafield>
    <datafield tag="294" ind1="9" ind2="9">
      <subfield code="9">testing</subfield>
    </datafield>
    <datafield tag="295" ind1="9" ind2="9">
      <subfield code="9">testing</subfield>
    </datafield>
    <datafield tag="292" ind1="9" ind2="9">
      <subfield code="9">testing</subfield>
    </datafield>
    <datafield tag="293" ind1="9" ind2="9">
      <subfield code="9">testing</subfield>
    </datafield>
    <datafield tag="290" ind1="9" ind2="9">
      <subfield code="9">testing</subfield>
    </datafield>
    <datafield tag="291" ind1="9" ind2="9">
      <subfield code="9">testing</subfield>
    </datafield>
    <datafield tag="591" ind1="9" ind2="9">
      <subfield code="9">testing</subfield>
    </datafield>
    <datafield tag="590" ind1="9" ind2="9">
      <subfield code="9">testing</subfield>
    </datafield>
    <datafield tag="593" ind1="9" ind2="9">
      <subfield code="9">testing</subfield>
    </datafield>
    <datafield tag="592" ind1="9" ind2="9">
      <subfield code="9">testing</subfield>
    </datafield>
    <datafield tag="199" ind1="9" ind2="9">
      <subfield code="9">testing</subfield>
    </datafield>
    <datafield tag="198" ind1="9" ind2="9">
      <subfield code="9">testing</subfield>
    </datafield>
    <datafield tag="597" ind1="9" ind2="9">
      <subfield code="9">testing</subfield>
    </datafield>
    <datafield tag="596" ind1="9" ind2="9">
      <subfield code="9">testing</subfield>
    </datafield>
    <datafield tag="195" ind1="9" ind2="9">
      <subfield code="9">testing</subfield>
    </datafield>
    <datafield tag="194" ind1="9" ind2="9">
      <subfield code="9">testing</subfield>
    </datafield>
    <datafield tag="197" ind1="9" ind2="9">
      <subfield code="9">testing</subfield>
    </datafield>
    <datafield tag="196" ind1="9" ind2="9">
      <subfield code="9">testing</subfield>
    </datafield>
    <datafield tag="191" ind1="9" ind2="9">
      <subfield code="9">testing</subfield>
    </datafield>
    <datafield tag="190" ind1="9" ind2="9">
      <subfield code="9">testing</subfield>
    </datafield>
    <datafield tag="193" ind1="9" ind2="9">
      <subfield code="9">testing</subfield>
    </datafield>
    <datafield tag="192" ind1="9" ind2="9">
      <subfield code="9">testing</subfield>
    </datafield>
    <datafield tag="270" ind1="9" ind2="9">
      <subfield code="9">testing</subfield>
    </datafield>
    <datafield tag="271" ind1="9" ind2="9">
      <subfield code="9">testing</subfield>
    </datafield>
    <datafield tag="272" ind1="9" ind2="9">
      <subfield code="9">testing</subfield>
    </datafield>
    <datafield tag="273" ind1="9" ind2="9">
      <subfield code="9">testing</subfield>
    </datafield>
    <datafield tag="274" ind1="9" ind2="9">
      <subfield code="9">testing</subfield>
    </datafield>
    <datafield tag="275" ind1="9" ind2="9">
      <subfield code="9">testing</subfield>
    </datafield>
    <datafield tag="276" ind1="9" ind2="9">
      <subfield code="9">testing</subfield>
    </datafield>
    <datafield tag="277" ind1="9" ind2="9">
      <subfield code="9">testing</subfield>
    </datafield>
    <datafield tag="278" ind1="9" ind2="9">
      <subfield code="9">testing</subfield>
    </datafield>
    <datafield tag="279" ind1="9" ind2="9">
      <subfield code="9">testing</subfield>
    </datafield>
    <datafield tag="738" ind1="9" ind2="9">
      <subfield code="9">testing</subfield>
    </datafield>
    <datafield tag="827" ind1="9" ind2="9">
      <subfield code="9">testing</subfield>
    </datafield>
    <datafield tag="524" ind1="9" ind2="9">
      <subfield code="9">testing</subfield>
    </datafield>
    <datafield tag="525" ind1="9" ind2="9">
      <subfield code="9">testing</subfield>
    </datafield>
    <datafield tag="526" ind1="9" ind2="9">
      <subfield code="9">testing</subfield>
    </datafield>
    <datafield tag="527" ind1="9" ind2="9">
      <subfield code="9">testing</subfield>
    </datafield>
    <datafield tag="520" ind1="9" ind2="9">
      <subfield code="9">testing</subfield>
    </datafield>
    <datafield tag="521" ind1="9" ind2="9">
      <subfield code="9">testing</subfield>
    </datafield>
    <datafield tag="522" ind1="9" ind2="9">
      <subfield code="9">testing</subfield>
    </datafield>
    <datafield tag="523" ind1="9" ind2="9">
      <subfield code="9">testing</subfield>
    </datafield>
    <datafield tag="599" ind1="9" ind2="9">
      <subfield code="9">testing</subfield>
    </datafield>
    <datafield tag="528" ind1="9" ind2="9">
      <subfield code="9">testing</subfield>
    </datafield>
    <datafield tag="529" ind1="9" ind2="9">
      <subfield code="9">testing</subfield>
    </datafield>
    <datafield tag="449" ind1="9" ind2="9">
      <subfield code="9">testing</subfield>
    </datafield>
    <datafield tag="448" ind1="9" ind2="9">
      <subfield code="9">testing</subfield>
    </datafield>
    <datafield tag="443" ind1="9" ind2="9">
      <subfield code="9">testing</subfield>
    </datafield>
    <datafield tag="442" ind1="9" ind2="9">
      <subfield code="9">testing</subfield>
    </datafield>
    <datafield tag="441" ind1="9" ind2="9">
      <subfield code="9">testing</subfield>
    </datafield>
    <datafield tag="440" ind1="9" ind2="9">
      <subfield code="9">testing</subfield>
    </datafield>
    <datafield tag="447" ind1="9" ind2="9">
      <subfield code="9">testing</subfield>
    </datafield>
    <datafield tag="446" ind1="9" ind2="9">
      <subfield code="9">testing</subfield>
    </datafield>
    <datafield tag="445" ind1="9" ind2="9">
      <subfield code="9">testing</subfield>
    </datafield>
    <datafield tag="444" ind1="9" ind2="9">
      <subfield code="9">testing</subfield>
    </datafield>
    <datafield tag="108" ind1="9" ind2="9">
      <subfield code="9">testing</subfield>
    </datafield>
    <datafield tag="109" ind1="9" ind2="9">
      <subfield code="9">testing</subfield>
    </datafield>
    <datafield tag="102" ind1="9" ind2="9">
      <subfield code="9">testing</subfield>
    </datafield>
    <datafield tag="103" ind1="9" ind2="9">
      <subfield code="9">testing</subfield>
    </datafield>
    <datafield tag="100" ind1="9" ind2="9">
      <subfield code="9">testing</subfield>
    </datafield>
    <datafield tag="101" ind1="9" ind2="9">
      <subfield code="9">testing</subfield>
    </datafield>
    <datafield tag="106" ind1="9" ind2="9">
      <subfield code="9">testing</subfield>
    </datafield>
    <datafield tag="107" ind1="9" ind2="9">
      <subfield code="9">testing</subfield>
    </datafield>
    <datafield tag="104" ind1="9" ind2="9">
      <subfield code="9">testing</subfield>
    </datafield>
    <datafield tag="105" ind1="9" ind2="9">
      <subfield code="9">testing</subfield>
    </datafield>
    <datafield tag="902" ind1="9" ind2="9">
      <subfield code="9">testing</subfield>
    </datafield>
    <datafield tag="903" ind1="9" ind2="9">
      <subfield code="9">testing</subfield>
    </datafield>
    <datafield tag="900" ind1="9" ind2="9">
      <subfield code="9">testing</subfield>
    </datafield>
    <datafield tag="901" ind1="9" ind2="9">
      <subfield code="9">testing</subfield>
    </datafield>
    <datafield tag="906" ind1="9" ind2="9">
      <subfield code="9">testing</subfield>
    </datafield>
    <datafield tag="907" ind1="9" ind2="9">
      <subfield code="9">testing</subfield>
    </datafield>
    <datafield tag="904" ind1="9" ind2="9">
      <subfield code="9">testing</subfield>
    </datafield>
    <datafield tag="905" ind1="9" ind2="9">
      <subfield code="9">testing</subfield>
    </datafield>
    <datafield tag="908" ind1="9" ind2="9">
      <subfield code="9">testing</subfield>
    </datafield>
    <datafield tag="909" ind1="9" ind2="9">
      <subfield code="9">testing</subfield>
    </datafield>
    <datafield tag="601" ind1="9" ind2="9">
      <subfield code="9">testing</subfield>
    </datafield>
    <datafield tag="641" ind1="9" ind2="9">
      <subfield code="9">testing</subfield>
    </datafield>
    <datafield tag="640" ind1="9" ind2="9">
      <subfield code="9">testing</subfield>
    </datafield>
    <datafield tag="643" ind1="9" ind2="9">
      <subfield code="9">testing</subfield>
    </datafield>
    <datafield tag="642" ind1="9" ind2="9">
      <subfield code="9">testing</subfield>
    </datafield>
    <datafield tag="645" ind1="9" ind2="9">
      <subfield code="9">testing</subfield>
    </datafield>
    <datafield tag="644" ind1="9" ind2="9">
      <subfield code="9">testing</subfield>
    </datafield>
    <datafield tag="438" ind1="9" ind2="9">
      <subfield code="9">testing</subfield>
    </datafield>
    <datafield tag="439" ind1="9" ind2="9">
      <subfield code="9">testing</subfield>
    </datafield>
    <datafield tag="436" ind1="9" ind2="9">
      <subfield code="9">testing</subfield>
    </datafield>
    <datafield tag="437" ind1="9" ind2="9">
      <subfield code="9">testing</subfield>
    </datafield>
    <datafield tag="434" ind1="9" ind2="9">
      <subfield code="9">testing</subfield>
    </datafield>
    <datafield tag="435" ind1="9" ind2="9">
      <subfield code="9">testing</subfield>
    </datafield>
    <datafield tag="432" ind1="9" ind2="9">
      <subfield code="9">testing</subfield>
    </datafield>
    <datafield tag="433" ind1="9" ind2="9">
      <subfield code="9">testing</subfield>
    </datafield>
    <datafield tag="430" ind1="9" ind2="9">
      <subfield code="9">testing</subfield>
    </datafield>
    <datafield tag="431" ind1="9" ind2="9">
      <subfield code="9">testing</subfield>
    </datafield>
    <datafield tag="339" ind1="9" ind2="9">
      <subfield code="9">testing</subfield>
    </datafield>
    <datafield tag="338" ind1="9" ind2="9">
      <subfield code="9">testing</subfield>
    </datafield>
    <datafield tag="335" ind1="9" ind2="9">
      <subfield code="9">testing</subfield>
    </datafield>
    <datafield tag="334" ind1="9" ind2="9">
      <subfield code="9">testing</subfield>
    </datafield>
    <datafield tag="337" ind1="9" ind2="9">
      <subfield code="9">testing</subfield>
    </datafield>
    <datafield tag="336" ind1="9" ind2="9">
      <subfield code="9">testing</subfield>
    </datafield>
    <datafield tag="331" ind1="9" ind2="9">
      <subfield code="9">testing</subfield>
    </datafield>
    <datafield tag="330" ind1="9" ind2="9">
      <subfield code="9">testing</subfield>
    </datafield>
    <datafield tag="333" ind1="9" ind2="9">
      <subfield code="9">testing</subfield>
    </datafield>
    <datafield tag="332" ind1="9" ind2="9">
      <subfield code="9">testing</subfield>
    </datafield>
    <datafield tag="058" ind1="9" ind2="9">
      <subfield code="9">testing</subfield>
    </datafield>
    <datafield tag="059" ind1="9" ind2="9">
      <subfield code="9">testing</subfield>
    </datafield>
    <datafield tag="054" ind1="9" ind2="9">
      <subfield code="9">testing</subfield>
    </datafield>
    <datafield tag="055" ind1="9" ind2="9">
      <subfield code="9">testing</subfield>
    </datafield>
    <datafield tag="056" ind1="9" ind2="9">
      <subfield code="9">testing</subfield>
    </datafield>
    <datafield tag="057" ind1="9" ind2="9">
      <subfield code="9">testing</subfield>
    </datafield>
    <datafield tag="050" ind1="9" ind2="9">
      <subfield code="9">testing</subfield>
    </datafield>
    <datafield tag="051" ind1="9" ind2="9">
      <subfield code="9">testing</subfield>
    </datafield>
    <datafield tag="052" ind1="9" ind2="9">
      <subfield code="9">testing</subfield>
    </datafield>
    <datafield tag="053" ind1="9" ind2="9">
      <subfield code="9">testing</subfield>
    </datafield>
    <datafield tag="854" ind1="9" ind2="9">
      <subfield code="9">testing</subfield>
    </datafield>
    <datafield tag="818" ind1="9" ind2="9">
      <subfield code="9">testing</subfield>
    </datafield>
    <datafield tag="856" ind1="9" ind2="9">
      <subfield code="9">testing</subfield>
    </datafield>
    <datafield tag="857" ind1="9" ind2="9">
      <subfield code="9">testing</subfield>
    </datafield>
    <datafield tag="850" ind1="9" ind2="9">
      <subfield code="9">testing</subfield>
    </datafield>
    <datafield tag="851" ind1="9" ind2="9">
      <subfield code="9">testing</subfield>
    </datafield>
    <datafield tag="852" ind1="9" ind2="9">
      <subfield code="9">testing</subfield>
    </datafield>
    <datafield tag="819" ind1="9" ind2="9">
      <subfield code="9">testing</subfield>
    </datafield>
    <datafield tag="858" ind1="9" ind2="9">
      <subfield code="9">testing</subfield>
    </datafield>
    <datafield tag="859" ind1="9" ind2="9">
      <subfield code="9">testing</subfield>
    </datafield>
    <datafield tag="748" ind1="9" ind2="9">
      <subfield code="9">testing</subfield>
    </datafield>
    <datafield tag="749" ind1="9" ind2="9">
      <subfield code="9">testing</subfield>
    </datafield>
    <datafield tag="650" ind1="9" ind2="9">
      <subfield code="9">testing</subfield>
    </datafield>
    <datafield tag="848" ind1="9" ind2="9">
      <subfield code="9">testing</subfield>
    </datafield>
    <datafield tag="844" ind1="9" ind2="9">
      <subfield code="9">testing</subfield>
    </datafield>
    <datafield tag="814" ind1="9" ind2="9">
      <subfield code="9">testing</subfield>
    </datafield>
    <datafield tag="815" ind1="9" ind2="9">
      <subfield code="9">testing</subfield>
    </datafield>
    <datafield tag="740" ind1="9" ind2="9">
      <subfield code="9">testing</subfield>
    </datafield>
    <datafield tag="741" ind1="9" ind2="9">
      <subfield code="9">testing</subfield>
    </datafield>
    <datafield tag="742" ind1="9" ind2="9">
      <subfield code="9">testing</subfield>
    </datafield>
    <datafield tag="743" ind1="9" ind2="9">
      <subfield code="9">testing</subfield>
    </datafield>
    <datafield tag="559" ind1="9" ind2="9">
      <subfield code="9">testing</subfield>
    </datafield>
    <datafield tag="558" ind1="9" ind2="9">
      <subfield code="9">testing</subfield>
    </datafield>
    <datafield tag="746" ind1="9" ind2="9">
      <subfield code="9">testing</subfield>
    </datafield>
    <datafield tag="747" ind1="9" ind2="9">
      <subfield code="9">testing</subfield>
    </datafield>
    <datafield tag="555" ind1="9" ind2="9">
      <subfield code="9">testing</subfield>
    </datafield>
    <datafield tag="554" ind1="9" ind2="9">
      <subfield code="9">testing</subfield>
    </datafield>
    <datafield tag="557" ind1="9" ind2="9">
      <subfield code="9">testing</subfield>
    </datafield>
    <datafield tag="556" ind1="9" ind2="9">
      <subfield code="9">testing</subfield>
    </datafield>
    <datafield tag="551" ind1="9" ind2="9">
      <subfield code="9">testing</subfield>
    </datafield>
    <datafield tag="550" ind1="9" ind2="9">
      <subfield code="9">testing</subfield>
    </datafield>
    <datafield tag="553" ind1="9" ind2="9">
      <subfield code="9">testing</subfield>
    </datafield>
    <datafield tag="552" ind1="9" ind2="9">
      <subfield code="9">testing</subfield>
    </datafield>
    <datafield tag="238" ind1="9" ind2="9">
      <subfield code="9">testing</subfield>
    </datafield>
    <datafield tag="239" ind1="9" ind2="9">
      <subfield code="9">testing</subfield>
    </datafield>
    <datafield tag="234" ind1="9" ind2="9">
      <subfield code="9">testing</subfield>
    </datafield>
    <datafield tag="235" ind1="9" ind2="9">
      <subfield code="9">testing</subfield>
    </datafield>
    <datafield tag="236" ind1="9" ind2="9">
      <subfield code="9">testing</subfield>
    </datafield>
    <datafield tag="237" ind1="9" ind2="9">
      <subfield code="9">testing</subfield>
    </datafield>
    <datafield tag="230" ind1="9" ind2="9">
      <subfield code="9">testing</subfield>
    </datafield>
    <datafield tag="231" ind1="9" ind2="9">
      <subfield code="9">testing</subfield>
    </datafield>
    <datafield tag="232" ind1="9" ind2="9">
      <subfield code="9">testing</subfield>
    </datafield>
    <datafield tag="233" ind1="9" ind2="9">
      <subfield code="9">testing</subfield>
    </datafield>
    <datafield tag="614" ind1="9" ind2="9">
      <subfield code="9">testing</subfield>
    </datafield>
    <datafield tag="146" ind1="9" ind2="9">
      <subfield code="9">testing</subfield>
    </datafield>
    <datafield tag="147" ind1="9" ind2="9">
      <subfield code="9">testing</subfield>
    </datafield>
    <datafield tag="144" ind1="9" ind2="9">
      <subfield code="9">testing</subfield>
    </datafield>
    <datafield tag="145" ind1="9" ind2="9">
      <subfield code="9">testing</subfield>
    </datafield>
    <datafield tag="142" ind1="9" ind2="9">
      <subfield code="9">testing</subfield>
    </datafield>
    <datafield tag="143" ind1="9" ind2="9">
      <subfield code="9">testing</subfield>
    </datafield>
    <datafield tag="140" ind1="9" ind2="9">
      <subfield code="9">testing</subfield>
    </datafield>
    <datafield tag="141" ind1="9" ind2="9">
      <subfield code="9">testing</subfield>
    </datafield>
    <datafield tag="612" ind1="9" ind2="9">
      <subfield code="9">testing</subfield>
    </datafield>
    <datafield tag="613" ind1="9" ind2="9">
      <subfield code="9">testing</subfield>
    </datafield>
    <datafield tag="610" ind1="9" ind2="9">
      <subfield code="9">testing</subfield>
    </datafield>
    <datafield tag="611" ind1="9" ind2="9">
      <subfield code="9">testing</subfield>
    </datafield>
    <datafield tag="616" ind1="9" ind2="9">
      <subfield code="9">testing</subfield>
    </datafield>
    <datafield tag="617" ind1="9" ind2="9">
      <subfield code="9">testing</subfield>
    </datafield>
    <datafield tag="148" ind1="9" ind2="9">
      <subfield code="9">testing</subfield>
    </datafield>
    <datafield tag="149" ind1="9" ind2="9">
      <subfield code="9">testing</subfield>
    </datafield>
    <datafield tag="912" ind1="9" ind2="9">
      <subfield code="9">testing</subfield>
    </datafield>
    <datafield tag="948" ind1="9" ind2="9">
      <subfield code="9">testing</subfield>
    </datafield>
    <datafield tag="949" ind1="9" ind2="9">
      <subfield code="9">testing</subfield>
    </datafield>
    <datafield tag="946" ind1="9" ind2="9">
      <subfield code="9">testing</subfield>
    </datafield>
    <datafield tag="947" ind1="9" ind2="9">
      <subfield code="9">testing</subfield>
    </datafield>
    <datafield tag="944" ind1="9" ind2="9">
      <subfield code="9">testing</subfield>
    </datafield>
    <datafield tag="945" ind1="9" ind2="9">
      <subfield code="9">testing</subfield>
    </datafield>
    <datafield tag="942" ind1="9" ind2="9">
      <subfield code="9">testing</subfield>
    </datafield>
    <datafield tag="943" ind1="9" ind2="9">
      <subfield code="9">testing</subfield>
    </datafield>
    <datafield tag="940" ind1="9" ind2="9">
      <subfield code="9">testing</subfield>
    </datafield>
    <datafield tag="941" ind1="9" ind2="9">
      <subfield code="9">testing</subfield>
    </datafield>
    <datafield tag="768" ind1="9" ind2="9">
      <subfield code="9">testing</subfield>
    </datafield>
    <datafield tag="689" ind1="9" ind2="9">
      <subfield code="9">testing</subfield>
    </datafield>
    <datafield tag="688" ind1="9" ind2="9">
      <subfield code="9">testing</subfield>
    </datafield>
    <datafield tag="685" ind1="9" ind2="9">
      <subfield code="9">testing</subfield>
    </datafield>
    <datafield tag="684" ind1="9" ind2="9">
      <subfield code="9">testing</subfield>
    </datafield>
    <datafield tag="687" ind1="9" ind2="9">
      <subfield code="9">testing</subfield>
    </datafield>
    <datafield tag="686" ind1="9" ind2="9">
      <subfield code="9">testing</subfield>
    </datafield>
    <datafield tag="681" ind1="9" ind2="9">
      <subfield code="9">testing</subfield>
    </datafield>
    <datafield tag="680" ind1="9" ind2="9">
      <subfield code="9">testing</subfield>
    </datafield>
    <datafield tag="683" ind1="9" ind2="9">
      <subfield code="9">testing</subfield>
    </datafield>
    <datafield tag="682" ind1="9" ind2="9">
      <subfield code="9">testing</subfield>
    </datafield>
    <datafield tag="098" ind1="9" ind2="9">
      <subfield code="9">testing</subfield>
    </datafield>
    <datafield tag="099" ind1="9" ind2="9">
      <subfield code="9">testing</subfield>
    </datafield>
    <datafield tag="622" ind1="9" ind2="9">
      <subfield code="9">testing</subfield>
    </datafield>
    <datafield tag="090" ind1="9" ind2="9">
      <subfield code="9">testing</subfield>
    </datafield>
    <datafield tag="091" ind1="9" ind2="9">
      <subfield code="9">testing</subfield>
    </datafield>
    <datafield tag="092" ind1="9" ind2="9">
      <subfield code="9">testing</subfield>
    </datafield>
    <datafield tag="093" ind1="9" ind2="9">
      <subfield code="9">testing</subfield>
    </datafield>
    <datafield tag="094" ind1="9" ind2="9">
      <subfield code="9">testing</subfield>
    </datafield>
    <datafield tag="095" ind1="9" ind2="9">
      <subfield code="9">testing</subfield>
    </datafield>
    <datafield tag="096" ind1="9" ind2="9">
      <subfield code="9">testing</subfield>
    </datafield>
    <datafield tag="097" ind1="9" ind2="9">
      <subfield code="9">testing</subfield>
    </datafield>
    <datafield tag="133" ind1="9" ind2="9">
      <subfield code="9">testing</subfield>
    </datafield>
    <datafield tag="132" ind1="9" ind2="9">
      <subfield code="9">testing</subfield>
    </datafield>
    <datafield tag="131" ind1="9" ind2="9">
      <subfield code="9">testing</subfield>
    </datafield>
    <datafield tag="130" ind1="9" ind2="9">
      <subfield code="9">testing</subfield>
    </datafield>
    <datafield tag="137" ind1="9" ind2="9">
      <subfield code="9">testing</subfield>
    </datafield>
    <datafield tag="136" ind1="9" ind2="9">
      <subfield code="9">testing</subfield>
    </datafield>
    <datafield tag="135" ind1="9" ind2="9">
      <subfield code="9">testing</subfield>
    </datafield>
    <datafield tag="134" ind1="9" ind2="9">
      <subfield code="9">testing</subfield>
    </datafield>
    <datafield tag="494" ind1="9" ind2="9">
      <subfield code="9">testing</subfield>
    </datafield>
    <datafield tag="495" ind1="9" ind2="9">
      <subfield code="9">testing</subfield>
    </datafield>
    <datafield tag="139" ind1="9" ind2="9">
      <subfield code="9">testing</subfield>
    </datafield>
    <datafield tag="138" ind1="9" ind2="9">
      <subfield code="9">testing</subfield>
    </datafield>
    <datafield tag="490" ind1="9" ind2="9">
      <subfield code="9">testing</subfield>
    </datafield>
    <datafield tag="491" ind1="9" ind2="9">
      <subfield code="9">testing</subfield>
    </datafield>
    <datafield tag="492" ind1="9" ind2="9">
      <subfield code="9">testing</subfield>
    </datafield>
    <datafield tag="493" ind1="9" ind2="9">
      <subfield code="9">testing</subfield>
    </datafield>
    <datafield tag="927" ind1="9" ind2="9">
      <subfield code="9">testing</subfield>
    </datafield>
    <datafield tag="407" ind1="9" ind2="9">
      <subfield code="9">testing</subfield>
    </datafield>
    <datafield tag="406" ind1="9" ind2="9">
      <subfield code="9">testing</subfield>
    </datafield>
    <datafield tag="405" ind1="9" ind2="9">
      <subfield code="9">testing</subfield>
    </datafield>
    <datafield tag="404" ind1="9" ind2="9">
      <subfield code="9">testing</subfield>
    </datafield>
    <datafield tag="403" ind1="9" ind2="9">
      <subfield code="9">testing</subfield>
    </datafield>
    <datafield tag="402" ind1="9" ind2="9">
      <subfield code="9">testing</subfield>
    </datafield>
    <datafield tag="401" ind1="9" ind2="9">
      <subfield code="9">testing</subfield>
    </datafield>
    <datafield tag="400" ind1="9" ind2="9">
      <subfield code="9">testing</subfield>
    </datafield>
    <datafield tag="933" ind1="9" ind2="9">
      <subfield code="9">testing</subfield>
    </datafield>
    <datafield tag="932" ind1="9" ind2="9">
      <subfield code="9">testing</subfield>
    </datafield>
    <datafield tag="931" ind1="9" ind2="9">
      <subfield code="9">testing</subfield>
    </datafield>
    <datafield tag="930" ind1="9" ind2="9">
      <subfield code="9">testing</subfield>
    </datafield>
    <datafield tag="937" ind1="9" ind2="9">
      <subfield code="9">testing</subfield>
    </datafield>
    <datafield tag="629" ind1="9" ind2="9">
      <subfield code="9">testing</subfield>
    </datafield>
    <datafield tag="409" ind1="9" ind2="9">
      <subfield code="9">testing</subfield>
    </datafield>
    <datafield tag="408" ind1="9" ind2="9">
      <subfield code="9">testing</subfield>
    </datafield>
    <datafield tag="628" ind1="9" ind2="9">
      <subfield code="9">testing</subfield>
    </datafield>
    <datafield tag="758" ind1="9" ind2="9">
      <subfield code="9">testing</subfield>
    </datafield>
    <datafield tag="025" ind1="9" ind2="9">
      <subfield code="9">testing</subfield>
    </datafield>
    <datafield tag="024" ind1="9" ind2="9">
      <subfield code="9">testing</subfield>
    </datafield>
    <datafield tag="027" ind1="9" ind2="9">
      <subfield code="9">testing</subfield>
    </datafield>
    <datafield tag="026" ind1="9" ind2="9">
      <subfield code="9">testing</subfield>
    </datafield>
    <datafield tag="021" ind1="9" ind2="9">
      <subfield code="9">testing</subfield>
    </datafield>
    <datafield tag="020" ind1="9" ind2="9">
      <subfield code="9">testing</subfield>
    </datafield>
    <datafield tag="023" ind1="9" ind2="9">
      <subfield code="9">testing</subfield>
    </datafield>
    <datafield tag="022" ind1="9" ind2="9">
      <subfield code="9">testing</subfield>
    </datafield>
    <datafield tag="029" ind1="9" ind2="9">
      <subfield code="9">testing</subfield>
    </datafield>
    <datafield tag="028" ind1="9" ind2="9">
      <subfield code="9">testing</subfield>
    </datafield>
    <datafield tag="379" ind1="9" ind2="9">
      <subfield code="9">testing</subfield>
    </datafield>
    <datafield tag="378" ind1="9" ind2="9">
      <subfield code="9">testing</subfield>
    </datafield>
    <datafield tag="829" ind1="9" ind2="9">
      <subfield code="9">testing</subfield>
    </datafield>
    <datafield tag="828" ind1="9" ind2="9">
      <subfield code="9">testing</subfield>
    </datafield>
    <datafield tag="371" ind1="9" ind2="9">
      <subfield code="9">testing</subfield>
    </datafield>
    <datafield tag="370" ind1="9" ind2="9">
      <subfield code="9">testing</subfield>
    </datafield>
    <datafield tag="373" ind1="9" ind2="9">
      <subfield code="9">testing</subfield>
    </datafield>
    <datafield tag="372" ind1="9" ind2="9">
      <subfield code="9">testing</subfield>
    </datafield>
    <datafield tag="375" ind1="9" ind2="9">
      <subfield code="9">testing</subfield>
    </datafield>
    <datafield tag="374" ind1="9" ind2="9">
      <subfield code="9">testing</subfield>
    </datafield>
    <datafield tag="377" ind1="9" ind2="9">
      <subfield code="9">testing</subfield>
    </datafield>
    <datafield tag="376" ind1="9" ind2="9">
      <subfield code="9">testing</subfield>
    </datafield>
    <datafield tag="708" ind1="9" ind2="9">
      <subfield code="9">testing</subfield>
    </datafield>
    <datafield tag="709" ind1="9" ind2="9">
      <subfield code="9">testing</subfield>
    </datafield>
    <datafield tag="704" ind1="9" ind2="9">
      <subfield code="9">testing</subfield>
    </datafield>
    <datafield tag="705" ind1="9" ind2="9">
      <subfield code="9">testing</subfield>
    </datafield>
    <datafield tag="706" ind1="9" ind2="9">
      <subfield code="9">testing</subfield>
    </datafield>
    <datafield tag="707" ind1="9" ind2="9">
      <subfield code="9">testing</subfield>
    </datafield>
    <datafield tag="700" ind1="9" ind2="9">
      <subfield code="9">testing</subfield>
    </datafield>
    <datafield tag="618" ind1="9" ind2="9">
      <subfield code="9">testing</subfield>
    </datafield>
    <datafield tag="702" ind1="9" ind2="9">
      <subfield code="9">testing</subfield>
    </datafield>
    <datafield tag="703" ind1="9" ind2="9">
      <subfield code="9">testing</subfield>
    </datafield>
    <datafield tag="393" ind1="9" ind2="9">
      <subfield code="9">testing</subfield>
    </datafield>
    <datafield tag="392" ind1="9" ind2="9">
      <subfield code="9">testing</subfield>
    </datafield>
    <datafield tag="391" ind1="9" ind2="9">
      <subfield code="9">testing</subfield>
    </datafield>
    <datafield tag="390" ind1="9" ind2="9">
      <subfield code="9">testing</subfield>
    </datafield>
    <datafield tag="397" ind1="9" ind2="9">
      <subfield code="9">testing</subfield>
    </datafield>
    <datafield tag="396" ind1="9" ind2="9">
      <subfield code="9">testing</subfield>
    </datafield>
    <datafield tag="395" ind1="9" ind2="9">
      <subfield code="9">testing</subfield>
    </datafield>
    <datafield tag="394" ind1="9" ind2="9">
      <subfield code="9">testing</subfield>
    </datafield>
    <datafield tag="399" ind1="9" ind2="9">
      <subfield code="9">testing</subfield>
    </datafield>
    <datafield tag="398" ind1="9" ind2="9">
      <subfield code="9">testing</subfield>
    </datafield>
    <datafield tag="895" ind1="9" ind2="9">
      <subfield code="9">testing</subfield>
    </datafield>
    <datafield tag="797" ind1="9" ind2="9">
      <subfield code="9">testing</subfield>
    </datafield>
    <datafield tag="796" ind1="9" ind2="9">
      <subfield code="9">testing</subfield>
    </datafield>
    <datafield tag="795" ind1="9" ind2="9">
      <subfield code="9">testing</subfield>
    </datafield>
    <datafield tag="794" ind1="9" ind2="9">
      <subfield code="9">testing</subfield>
    </datafield>
    <datafield tag="793" ind1="9" ind2="9">
      <subfield code="9">testing</subfield>
    </datafield>
    <datafield tag="792" ind1="9" ind2="9">
      <subfield code="9">testing</subfield>
    </datafield>
    <datafield tag="791" ind1="9" ind2="9">
      <subfield code="9">testing</subfield>
    </datafield>
    <datafield tag="790" ind1="9" ind2="9">
      <subfield code="9">testing</subfield>
    </datafield>
    <datafield tag="799" ind1="9" ind2="9">
      <subfield code="9">testing</subfield>
    </datafield>
    <datafield tag="798" ind1="9" ind2="9">
      <subfield code="9">testing</subfield>
    </datafield>
    <datafield tag="607" ind1="9" ind2="9">
      <subfield code="9">testing</subfield>
    </datafield>
    <datafield tag="586" ind1="9" ind2="9">
      <subfield code="9">testing</subfield>
    </datafield>
    <datafield tag="587" ind1="9" ind2="9">
      <subfield code="9">testing</subfield>
    </datafield>
    <datafield tag="584" ind1="9" ind2="9">
      <subfield code="9">testing</subfield>
    </datafield>
    <datafield tag="585" ind1="9" ind2="9">
      <subfield code="9">testing</subfield>
    </datafield>
    <datafield tag="582" ind1="9" ind2="9">
      <subfield code="9">testing</subfield>
    </datafield>
    <datafield tag="583" ind1="9" ind2="9">
      <subfield code="9">testing</subfield>
    </datafield>
    <datafield tag="580" ind1="9" ind2="9">
      <subfield code="9">testing</subfield>
    </datafield>
    <datafield tag="581" ind1="9" ind2="9">
      <subfield code="9">testing</subfield>
    </datafield>
    <datafield tag="588" ind1="9" ind2="9">
      <subfield code="9">testing</subfield>
    </datafield>
    <datafield tag="589" ind1="9" ind2="9">
      <subfield code="9">testing</subfield>
    </datafield>
    <datafield tag="245" ind1="9" ind2="9">
      <subfield code="9">testing</subfield>
    </datafield>
    <datafield tag="244" ind1="9" ind2="9">
      <subfield code="9">testing</subfield>
    </datafield>
    <datafield tag="247" ind1="9" ind2="9">
      <subfield code="9">testing</subfield>
    </datafield>
    <datafield tag="246" ind1="9" ind2="9">
      <subfield code="9">testing</subfield>
    </datafield>
    <datafield tag="241" ind1="9" ind2="9">
      <subfield code="9">testing</subfield>
    </datafield>
    <datafield tag="240" ind1="9" ind2="9">
      <subfield code="9">testing</subfield>
    </datafield>
    <datafield tag="243" ind1="9" ind2="9">
      <subfield code="9">testing</subfield>
    </datafield>
    <datafield tag="242" ind1="9" ind2="9">
      <subfield code="9">testing</subfield>
    </datafield>
    <datafield tag="615" ind1="9" ind2="9">
      <subfield code="9">testing</subfield>
    </datafield>
    <datafield tag="249" ind1="9" ind2="9">
      <subfield code="9">testing</subfield>
    </datafield>
    <datafield tag="248" ind1="9" ind2="9">
      <subfield code="9">testing</subfield>
    </datafield>
    <datafield tag="924" ind1="9" ind2="9">
      <subfield code="9">testing</subfield>
    </datafield>
    <datafield tag="970" ind1="9" ind2="9">
      <subfield code="9">testing</subfield>
    </datafield>
    <datafield tag="925" ind1="9" ind2="9">
      <subfield code="9">testing</subfield>
    </datafield>
    <datafield tag="519" ind1="9" ind2="9">
      <subfield code="9">testing</subfield>
    </datafield>
    <datafield tag="518" ind1="9" ind2="9">
      <subfield code="9">testing</subfield>
    </datafield>
    <datafield tag="926" ind1="9" ind2="9">
      <subfield code="9">testing</subfield>
    </datafield>
    <datafield tag="511" ind1="9" ind2="9">
      <subfield code="9">testing</subfield>
    </datafield>
    <datafield tag="510" ind1="9" ind2="9">
      <subfield code="9">testing</subfield>
    </datafield>
    <datafield tag="513" ind1="9" ind2="9">
      <subfield code="9">testing</subfield>
    </datafield>
    <datafield tag="512" ind1="9" ind2="9">
      <subfield code="9">testing</subfield>
    </datafield>
    <datafield tag="515" ind1="9" ind2="9">
      <subfield code="9">testing</subfield>
    </datafield>
    <datafield tag="514" ind1="9" ind2="9">
      <subfield code="9">testing</subfield>
    </datafield>
    <datafield tag="517" ind1="9" ind2="9">
      <subfield code="9">testing</subfield>
    </datafield>
    <datafield tag="516" ind1="9" ind2="9">
      <subfield code="9">testing</subfield>
    </datafield>
    <datafield tag="458" ind1="9" ind2="9">
      <subfield code="9">testing</subfield>
    </datafield>
    <datafield tag="459" ind1="9" ind2="9">
      <subfield code="9">testing</subfield>
    </datafield>
    <datafield tag="621" ind1="9" ind2="9">
      <subfield code="9">testing</subfield>
    </datafield>
    <datafield tag="620" ind1="9" ind2="9">
      <subfield code="9">testing</subfield>
    </datafield>
    <datafield tag="627" ind1="9" ind2="9">
      <subfield code="9">testing</subfield>
    </datafield>
    <datafield tag="626" ind1="9" ind2="9">
      <subfield code="9">testing</subfield>
    </datafield>
    <datafield tag="625" ind1="9" ind2="9">
      <subfield code="9">testing</subfield>
    </datafield>
    <datafield tag="624" ind1="9" ind2="9">
      <subfield code="9">testing</subfield>
    </datafield>
    <datafield tag="450" ind1="9" ind2="9">
      <subfield code="9">testing</subfield>
    </datafield>
    <datafield tag="451" ind1="9" ind2="9">
      <subfield code="9">testing</subfield>
    </datafield>
    <datafield tag="452" ind1="9" ind2="9">
      <subfield code="9">testing</subfield>
    </datafield>
    <datafield tag="453" ind1="9" ind2="9">
      <subfield code="9">testing</subfield>
    </datafield>
    <datafield tag="454" ind1="9" ind2="9">
      <subfield code="9">testing</subfield>
    </datafield>
    <datafield tag="455" ind1="9" ind2="9">
      <subfield code="9">testing</subfield>
    </datafield>
    <datafield tag="456" ind1="9" ind2="9">
      <subfield code="9">testing</subfield>
    </datafield>
    <datafield tag="457" ind1="9" ind2="9">
      <subfield code="9">testing</subfield>
    </datafield>
    <datafield tag="179" ind1="9" ind2="9">
      <subfield code="9">testing</subfield>
    </datafield>
    <datafield tag="178" ind1="9" ind2="9">
      <subfield code="9">testing</subfield>
    </datafield>
    <datafield tag="177" ind1="9" ind2="9">
      <subfield code="9">testing</subfield>
    </datafield>
    <datafield tag="176" ind1="9" ind2="9">
      <subfield code="9">testing</subfield>
    </datafield>
    <datafield tag="175" ind1="9" ind2="9">
      <subfield code="9">testing</subfield>
    </datafield>
    <datafield tag="174" ind1="9" ind2="9">
      <subfield code="9">testing</subfield>
    </datafield>
    <datafield tag="173" ind1="9" ind2="9">
      <subfield code="9">testing</subfield>
    </datafield>
    <datafield tag="172" ind1="9" ind2="9">
      <subfield code="9">testing</subfield>
    </datafield>
    <datafield tag="171" ind1="9" ind2="9">
      <subfield code="9">testing</subfield>
    </datafield>
    <datafield tag="170" ind1="9" ind2="9">
      <subfield code="9">testing</subfield>
    </datafield>
    <datafield tag="977" ind1="9" ind2="9">
      <subfield code="9">testing</subfield>
    </datafield>
    <datafield tag="656" ind1="9" ind2="9">
      <subfield code="9">testing</subfield>
    </datafield>
    <datafield tag="975" ind1="9" ind2="9">
      <subfield code="9">testing</subfield>
    </datafield>
    <datafield tag="974" ind1="9" ind2="9">
      <subfield code="9">testing</subfield>
    </datafield>
    <datafield tag="973" ind1="9" ind2="9">
      <subfield code="9">testing</subfield>
    </datafield>
    <datafield tag="972" ind1="9" ind2="9">
      <subfield code="9">testing</subfield>
    </datafield>
    <datafield tag="971" ind1="9" ind2="9">
      <subfield code="9">testing</subfield>
    </datafield>
    <datafield tag="657" ind1="9" ind2="9">
      <subfield code="9">testing</subfield>
    </datafield>
    <datafield tag="654" ind1="9" ind2="9">
      <subfield code="9">testing</subfield>
    </datafield>
    <datafield tag="979" ind1="9" ind2="9">
      <subfield code="9">testing</subfield>
    </datafield>
    <datafield tag="978" ind1="9" ind2="9">
      <subfield code="9">testing</subfield>
    </datafield>
    <datafield tag="182" ind1="9" ind2="9">
      <subfield code="9">testing</subfield>
    </datafield>
    <datafield tag="183" ind1="9" ind2="9">
      <subfield code="9">testing</subfield>
    </datafield>
    <datafield tag="180" ind1="9" ind2="9">
      <subfield code="9">testing</subfield>
    </datafield>
    <datafield tag="181" ind1="9" ind2="9">
      <subfield code="9">testing</subfield>
    </datafield>
    <datafield tag="186" ind1="9" ind2="9">
      <subfield code="9">testing</subfield>
    </datafield>
    <datafield tag="187" ind1="9" ind2="9">
      <subfield code="9">testing</subfield>
    </datafield>
    <datafield tag="184" ind1="9" ind2="9">
      <subfield code="9">testing</subfield>
    </datafield>
    <datafield tag="185" ind1="9" ind2="9">
      <subfield code="9">testing</subfield>
    </datafield>
    <datafield tag="652" ind1="9" ind2="9">
      <subfield code="9">testing</subfield>
    </datafield>
    <datafield tag="188" ind1="9" ind2="9">
      <subfield code="9">testing</subfield>
    </datafield>
    <datafield tag="189" ind1="9" ind2="9">
      <subfield code="9">testing</subfield>
    </datafield>
    <datafield tag="658" ind1="9" ind2="9">
      <subfield code="9">testing</subfield>
    </datafield>
    <datafield tag="653" ind1="9" ind2="9">
      <subfield code="9">testing</subfield>
    </datafield>
    <datafield tag="061" ind1="9" ind2="9">
      <subfield code="9">testing</subfield>
    </datafield>
    <datafield tag="060" ind1="9" ind2="9">
      <subfield code="9">testing</subfield>
    </datafield>
    <datafield tag="063" ind1="9" ind2="9">
      <subfield code="9">testing</subfield>
    </datafield>
    <datafield tag="062" ind1="9" ind2="9">
      <subfield code="9">testing</subfield>
    </datafield>
    <datafield tag="065" ind1="9" ind2="9">
      <subfield code="9">testing</subfield>
    </datafield>
    <datafield tag="064" ind1="9" ind2="9">
      <subfield code="9">testing</subfield>
    </datafield>
    <datafield tag="067" ind1="9" ind2="9">
      <subfield code="9">testing</subfield>
    </datafield>
    <datafield tag="066" ind1="9" ind2="9">
      <subfield code="9">testing</subfield>
    </datafield>
    <datafield tag="069" ind1="9" ind2="9">
      <subfield code="9">testing</subfield>
    </datafield>
    <datafield tag="068" ind1="9" ind2="9">
      <subfield code="9">testing</subfield>
    </datafield>
    <datafield tag="651" ind1="9" ind2="9">
      <subfield code="9">testing</subfield>
    </datafield>
    <datafield tag="764" ind1="9" ind2="9">
      <subfield code="9">testing</subfield>
    </datafield>
    <datafield tag="869" ind1="9" ind2="9">
      <subfield code="9">testing</subfield>
    </datafield>
    <datafield tag="868" ind1="9" ind2="9">
      <subfield code="9">testing</subfield>
    </datafield>
    <datafield tag="861" ind1="9" ind2="9">
      <subfield code="9">testing</subfield>
    </datafield>
    <datafield tag="860" ind1="9" ind2="9">
      <subfield code="9">testing</subfield>
    </datafield>
    <datafield tag="863" ind1="9" ind2="9">
      <subfield code="9">testing</subfield>
    </datafield>
    <datafield tag="862" ind1="9" ind2="9">
      <subfield code="9">testing</subfield>
    </datafield>
    <datafield tag="865" ind1="9" ind2="9">
      <subfield code="9">testing</subfield>
    </datafield>
    <datafield tag="864" ind1="9" ind2="9">
      <subfield code="9">testing</subfield>
    </datafield>
    <datafield tag="867" ind1="9" ind2="9">
      <subfield code="9">testing</subfield>
    </datafield>
    <datafield tag="866" ind1="9" ind2="9">
      <subfield code="9">testing</subfield>
    </datafield>
    <datafield tag="884" ind1="9" ind2="9">
      <subfield code="9">testing</subfield>
    </datafield>
    <datafield tag="938" ind1="9" ind2="9">
      <subfield code="9">testing</subfield>
    </datafield>
    <datafield tag="659" ind1="9" ind2="9">
      <subfield code="9">testing</subfield>
    </datafield>
    <datafield tag="883" ind1="9" ind2="9">
      <subfield code="9">testing</subfield>
    </datafield>
    <datafield tag="753" ind1="9" ind2="9">
      <subfield code="9">testing</subfield>
    </datafield>
    <datafield tag="881" ind1="9" ind2="9">
      <subfield code="9">testing</subfield>
    </datafield>
    <datafield tag="880" ind1="9" ind2="9">
      <subfield code="9">testing</subfield>
    </datafield>
    <datafield tag="887" ind1="9" ind2="9">
      <subfield code="9">testing</subfield>
    </datafield>
    <datafield tag="886" ind1="9" ind2="9">
      <subfield code="9">testing</subfield>
    </datafield>
    <datafield tag="885" ind1="9" ind2="9">
      <subfield code="9">testing</subfield>
    </datafield>
    <datafield tag="752" ind1="9" ind2="9">
      <subfield code="9">testing</subfield>
    </datafield>
    <datafield tag="928" ind1="9" ind2="9">
      <subfield code="9">testing</subfield>
    </datafield>
    <datafield tag="889" ind1="9" ind2="9">
      <subfield code="9">testing</subfield>
    </datafield>
    <datafield tag="888" ind1="9" ind2="9">
      <subfield code="9">testing</subfield>
    </datafield>
    <datafield tag="756" ind1="9" ind2="9">
      <subfield code="9">testing</subfield>
    </datafield>
    <datafield tag="496" ind1="9" ind2="9">
      <subfield code="9">testing</subfield>
    </datafield>
    <datafield tag="929" ind1="9" ind2="9">
      <subfield code="9">testing</subfield>
    </datafield>
    <datafield tag="809" ind1="9" ind2="9">
      <subfield code="9">testing</subfield>
    </datafield>
    <datafield tag="322" ind1="9" ind2="9">
      <subfield code="9">testing</subfield>
    </datafield>
    <datafield tag="323" ind1="9" ind2="9">
      <subfield code="9">testing</subfield>
    </datafield>
    <datafield tag="320" ind1="9" ind2="9">
      <subfield code="9">testing</subfield>
    </datafield>
    <datafield tag="321" ind1="9" ind2="9">
      <subfield code="9">testing</subfield>
    </datafield>
    <datafield tag="326" ind1="9" ind2="9">
      <subfield code="9">testing</subfield>
    </datafield>
    <datafield tag="327" ind1="9" ind2="9">
      <subfield code="9">testing</subfield>
    </datafield>
    <datafield tag="324" ind1="9" ind2="9">
      <subfield code="9">testing</subfield>
    </datafield>
    <datafield tag="325" ind1="9" ind2="9">
      <subfield code="9">testing</subfield>
    </datafield>
    <datafield tag="328" ind1="9" ind2="9">
      <subfield code="9">testing</subfield>
    </datafield>
    <datafield tag="329" ind1="9" ind2="9">
      <subfield code="9">testing</subfield>
    </datafield>
    <datafield tag="759" ind1="9" ind2="9">
      <subfield code="9">testing</subfield>
    </datafield>
    <datafield tag="201" ind1="9" ind2="9">
      <subfield code="9">testing</subfield>
    </datafield>
    <datafield tag="200" ind1="9" ind2="9">
      <subfield code="9">testing</subfield>
    </datafield>
    <datafield tag="203" ind1="9" ind2="9">
      <subfield code="9">testing</subfield>
    </datafield>
    <datafield tag="202" ind1="9" ind2="9">
      <subfield code="9">testing</subfield>
    </datafield>
    <datafield tag="205" ind1="9" ind2="9">
      <subfield code="9">testing</subfield>
    </datafield>
    <datafield tag="204" ind1="9" ind2="9">
      <subfield code="9">testing</subfield>
    </datafield>
    <datafield tag="207" ind1="9" ind2="9">
      <subfield code="9">testing</subfield>
    </datafield>
    <datafield tag="206" ind1="9" ind2="9">
      <subfield code="9">testing</subfield>
    </datafield>
    <datafield tag="209" ind1="9" ind2="9">
      <subfield code="9">testing</subfield>
    </datafield>
    <datafield tag="208" ind1="9" ind2="9">
      <subfield code="9">testing</subfield>
    </datafield>
    <datafield tag="779" ind1="9" ind2="9">
      <subfield code="9">testing</subfield>
    </datafield>
    <datafield tag="778" ind1="9" ind2="9">
      <subfield code="9">testing</subfield>
    </datafield>
    <datafield tag="831" ind1="9" ind2="9">
      <subfield code="9">testing</subfield>
    </datafield>
    <datafield tag="655" ind1="9" ind2="9">
      <subfield code="9">testing</subfield>
    </datafield>
    <datafield tag="805" ind1="9" ind2="9">
      <subfield code="9">testing</subfield>
    </datafield>
    <datafield tag="804" ind1="9" ind2="9">
      <subfield code="9">testing</subfield>
    </datafield>
    <datafield tag="669" ind1="9" ind2="9">
      <subfield code="9">testing</subfield>
    </datafield>
    <datafield tag="668" ind1="9" ind2="9">
      <subfield code="9">testing</subfield>
    </datafield>
    <datafield tag="667" ind1="9" ind2="9">
      <subfield code="9">testing</subfield>
    </datafield>
    <datafield tag="666" ind1="9" ind2="9">
      <subfield code="9">testing</subfield>
    </datafield>
    <datafield tag="665" ind1="9" ind2="9">
      <subfield code="9">testing</subfield>
    </datafield>
    <datafield tag="664" ind1="9" ind2="9">
      <subfield code="9">testing</subfield>
    </datafield>
    <datafield tag="663" ind1="9" ind2="9">
      <subfield code="9">testing</subfield>
    </datafield>
    <datafield tag="662" ind1="9" ind2="9">
      <subfield code="9">testing</subfield>
    </datafield>
    <datafield tag="661" ind1="9" ind2="9">
      <subfield code="9">testing</subfield>
    </datafield>
    <datafield tag="660" ind1="9" ind2="9">
      <subfield code="9">testing</subfield>
    </datafield>
    <datafield tag="769" ind1="9" ind2="9">
      <subfield code="9">testing</subfield>
    </datafield>
    <datafield tag="692" ind1="9" ind2="9">
      <subfield code="9">testing</subfield>
    </datafield>
    <datafield tag="693" ind1="9" ind2="9">
      <subfield code="9">testing</subfield>
    </datafield>
    <datafield tag="690" ind1="9" ind2="9">
      <subfield code="9">testing</subfield>
    </datafield>
    <datafield tag="691" ind1="9" ind2="9">
      <subfield code="9">testing</subfield>
    </datafield>
    <datafield tag="696" ind1="9" ind2="9">
      <subfield code="9">testing</subfield>
    </datafield>
    <datafield tag="697" ind1="9" ind2="9">
      <subfield code="9">testing</subfield>
    </datafield>
    <datafield tag="694" ind1="9" ind2="9">
      <subfield code="9">testing</subfield>
    </datafield>
    <datafield tag="695" ind1="9" ind2="9">
      <subfield code="9">testing</subfield>
    </datafield>
    <datafield tag="698" ind1="9" ind2="9">
      <subfield code="9">testing</subfield>
    </datafield>
    <datafield tag="699" ind1="9" ind2="9">
      <subfield code="9">testing</subfield>
    </datafield>
    <datafield tag="623" ind1="9" ind2="9">
      <subfield code="9">testing</subfield>
    </datafield>
    <datafield tag="542" ind1="9" ind2="9">
      <subfield code="9">testing</subfield>
    </datafield>
    <datafield tag="543" ind1="9" ind2="9">
      <subfield code="9">testing</subfield>
    </datafield>
    <datafield tag="540" ind1="9" ind2="9">
      <subfield code="9">testing</subfield>
    </datafield>
    <datafield tag="541" ind1="9" ind2="9">
      <subfield code="9">testing</subfield>
    </datafield>
    <datafield tag="546" ind1="9" ind2="9">
      <subfield code="9">testing</subfield>
    </datafield>
    <datafield tag="547" ind1="9" ind2="9">
      <subfield code="9">testing</subfield>
    </datafield>
    <datafield tag="544" ind1="9" ind2="9">
      <subfield code="9">testing</subfield>
    </datafield>
    <datafield tag="545" ind1="9" ind2="9">
      <subfield code="9">testing</subfield>
    </datafield>
    <datafield tag="548" ind1="9" ind2="9">
      <subfield code="9">testing</subfield>
    </datafield>
    <datafield tag="549" ind1="9" ind2="9">
      <subfield code="9">testing</subfield>
    </datafield>
    <datafield tag="598" ind1="9" ind2="9">
      <subfield code="9">testing</subfield>
    </datafield>
    <datafield tag="995" ind1="9" ind2="9">
      <subfield code="9">testing</subfield>
    </datafield>
    <datafield tag="994" ind1="9" ind2="9">
      <subfield code="9">testing</subfield>
    </datafield>
    <datafield tag="997" ind1="9" ind2="9">
      <subfield code="9">testing</subfield>
    </datafield>
    <datafield tag="996" ind1="9" ind2="9">
      <subfield code="9">testing</subfield>
    </datafield>
    <datafield tag="991" ind1="9" ind2="9">
      <subfield code="9">testing</subfield>
    </datafield>
    <datafield tag="990" ind1="9" ind2="9">
      <subfield code="9">testing</subfield>
    </datafield>
    <datafield tag="993" ind1="9" ind2="9">
      <subfield code="9">testing</subfield>
    </datafield>
    <datafield tag="992" ind1="9" ind2="9">
      <subfield code="9">testing</subfield>
    </datafield>
    <datafield tag="999" ind1="9" ind2="9">
      <subfield code="9">testing</subfield>
    </datafield>
    <datafield tag="998" ind1="9" ind2="9">
      <subfield code="9">testing</subfield>
    </datafield>
    <datafield tag="120" ind1="9" ind2="9">
      <subfield code="9">testing</subfield>
    </datafield>
    <datafield tag="121" ind1="9" ind2="9">
      <subfield code="9">testing</subfield>
    </datafield>
    <datafield tag="122" ind1="9" ind2="9">
      <subfield code="9">testing</subfield>
    </datafield>
    <datafield tag="123" ind1="9" ind2="9">
      <subfield code="9">testing</subfield>
    </datafield>
    <datafield tag="124" ind1="9" ind2="9">
      <subfield code="9">testing</subfield>
    </datafield>
    <datafield tag="125" ind1="9" ind2="9">
      <subfield code="9">testing</subfield>
    </datafield>
    <datafield tag="126" ind1="9" ind2="9">
      <subfield code="9">testing</subfield>
    </datafield>
    <datafield tag="127" ind1="9" ind2="9">
      <subfield code="9">testing</subfield>
    </datafield>
    <datafield tag="128" ind1="9" ind2="9">
      <subfield code="9">testing</subfield>
    </datafield>
    <datafield tag="129" ind1="9" ind2="9">
      <subfield code="9">testing</subfield>
    </datafield>
    <datafield tag="765" ind1="9" ind2="9">
      <subfield code="9">testing</subfield>
    </datafield>
    <datafield tag="414" ind1="9" ind2="9">
      <subfield code="9">testing</subfield>
    </datafield>
    <datafield tag="415" ind1="9" ind2="9">
      <subfield code="9">testing</subfield>
    </datafield>
    <datafield tag="416" ind1="9" ind2="9">
      <subfield code="9">testing</subfield>
    </datafield>
    <datafield tag="417" ind1="9" ind2="9">
      <subfield code="9">testing</subfield>
    </datafield>
    <datafield tag="410" ind1="9" ind2="9">
      <subfield code="9">testing</subfield>
    </datafield>
    <datafield tag="411" ind1="9" ind2="9">
      <subfield code="9">testing</subfield>
    </datafield>
    <datafield tag="412" ind1="9" ind2="9">
      <subfield code="9">testing</subfield>
    </datafield>
    <datafield tag="413" ind1="9" ind2="9">
      <subfield code="9">testing</subfield>
    </datafield>
    <datafield tag="920" ind1="9" ind2="9">
      <subfield code="9">testing</subfield>
    </datafield>
    <datafield tag="498" ind1="9" ind2="9">
      <subfield code="9">testing</subfield>
    </datafield>
    <datafield tag="922" ind1="9" ind2="9">
      <subfield code="9">testing</subfield>
    </datafield>
    <datafield tag="923" ind1="9" ind2="9">
      <subfield code="9">testing</subfield>
    </datafield>
    <datafield tag="418" ind1="9" ind2="9">
      <subfield code="9">testing</subfield>
    </datafield>
    <datafield tag="419" ind1="9" ind2="9">
      <subfield code="9">testing</subfield>
    </datafield>
    <datafield tag="776" ind1="9" ind2="9">
      <subfield code="9">testing</subfield>
    </datafield>
    <datafield tag="499" ind1="9" ind2="9">
      <subfield code="9">testing</subfield>
    </datafield>
    <datafield tag="319" ind1="9" ind2="9">
      <subfield code="9">testing</subfield>
    </datafield>
    <datafield tag="318" ind1="9" ind2="9">
      <subfield code="9">testing</subfield>
    </datafield>
    <datafield tag="313" ind1="9" ind2="9">
      <subfield code="9">testing</subfield>
    </datafield>
    <datafield tag="312" ind1="9" ind2="9">
      <subfield code="9">testing</subfield>
    </datafield>
    <datafield tag="311" ind1="9" ind2="9">
      <subfield code="9">testing</subfield>
    </datafield>
    <datafield tag="310" ind1="9" ind2="9">
      <subfield code="9">testing</subfield>
    </datafield>
    <datafield tag="317" ind1="9" ind2="9">
      <subfield code="9">testing</subfield>
    </datafield>
    <datafield tag="316" ind1="9" ind2="9">
      <subfield code="9">testing</subfield>
    </datafield>
    <datafield tag="315" ind1="9" ind2="9">
      <subfield code="9">testing</subfield>
    </datafield>
    <datafield tag="314" ind1="9" ind2="9">
      <subfield code="9">testing</subfield>
    </datafield>
    <datafield tag="038" ind1="9" ind2="9">
      <subfield code="9">testing</subfield>
    </datafield>
    <datafield tag="039" ind1="9" ind2="9">
      <subfield code="9">testing</subfield>
    </datafield>
    <datafield tag="921" ind1="9" ind2="9">
      <subfield code="9">testing</subfield>
    </datafield>
    <datafield tag="032" ind1="9" ind2="9">
      <subfield code="9">testing</subfield>
    </datafield>
    <datafield tag="033" ind1="9" ind2="9">
      <subfield code="9">testing</subfield>
    </datafield>
    <datafield tag="030" ind1="9" ind2="9">
      <subfield code="9">testing</subfield>
    </datafield>
    <datafield tag="031" ind1="9" ind2="9">
      <subfield code="9">testing</subfield>
    </datafield>
    <datafield tag="036" ind1="9" ind2="9">
      <subfield code="9">testing</subfield>
    </datafield>
    <datafield tag="037" ind1="9" ind2="9">
      <subfield code="9">testing</subfield>
    </datafield>
    <datafield tag="034" ind1="9" ind2="9">
      <subfield code="9">testing</subfield>
    </datafield>
    <datafield tag="035" ind1="9" ind2="9">
      <subfield code="9">testing</subfield>
    </datafield>
    <datafield tag="832" ind1="9" ind2="9">
      <subfield code="9">testing</subfield>
    </datafield>
    <datafield tag="833" ind1="9" ind2="9">
      <subfield code="9">testing</subfield>
    </datafield>
    <datafield tag="830" ind1="9" ind2="9">
      <subfield code="9">testing</subfield>
    </datafield>
    <datafield tag="497" ind1="9" ind2="9">
      <subfield code="9">testing</subfield>
    </datafield>
    <datafield tag="836" ind1="9" ind2="9">
      <subfield code="9">testing</subfield>
    </datafield>
    <datafield tag="837" ind1="9" ind2="9">
      <subfield code="9">testing</subfield>
    </datafield>
    <datafield tag="834" ind1="9" ind2="9">
      <subfield code="9">testing</subfield>
    </datafield>
    <datafield tag="835" ind1="9" ind2="9">
      <subfield code="9">testing</subfield>
    </datafield>
    <datafield tag="838" ind1="9" ind2="9">
      <subfield code="9">testing</subfield>
    </datafield>
    <datafield tag="839" ind1="9" ind2="9">
      <subfield code="9">testing</subfield>
    </datafield>
    <datafield tag="808" ind1="9" ind2="9">
      <subfield code="9">testing</subfield>
    </datafield>
    <datafield tag="368" ind1="9" ind2="9">
      <subfield code="9">testing</subfield>
    </datafield>
    <datafield tag="369" ind1="9" ind2="9">
      <subfield code="9">testing</subfield>
    </datafield>
    <datafield tag="366" ind1="9" ind2="9">
      <subfield code="9">testing</subfield>
    </datafield>
    <datafield tag="367" ind1="9" ind2="9">
      <subfield code="9">testing</subfield>
    </datafield>
    <datafield tag="364" ind1="9" ind2="9">
      <subfield code="9">testing</subfield>
    </datafield>
    <datafield tag="365" ind1="9" ind2="9">
      <subfield code="9">testing</subfield>
    </datafield>
    <datafield tag="362" ind1="9" ind2="9">
      <subfield code="9">testing</subfield>
    </datafield>
    <datafield tag="363" ind1="9" ind2="9">
      <subfield code="9">testing</subfield>
    </datafield>
    <datafield tag="360" ind1="9" ind2="9">
      <subfield code="9">testing</subfield>
    </datafield>
    <datafield tag="361" ind1="9" ind2="9">
      <subfield code="9">testing</subfield>
    </datafield>
    <datafield tag="882" ind1="9" ind2="9">
      <subfield code="9">testing</subfield>
    </datafield>
    <datafield tag="380" ind1="9" ind2="9">
      <subfield code="9">testing</subfield>
    </datafield>
    <datafield tag="381" ind1="9" ind2="9">
      <subfield code="9">testing</subfield>
    </datafield>
    <datafield tag="382" ind1="9" ind2="9">
      <subfield code="9">testing</subfield>
    </datafield>
    <datafield tag="383" ind1="9" ind2="9">
      <subfield code="9">testing</subfield>
    </datafield>
    <datafield tag="384" ind1="9" ind2="9">
      <subfield code="9">testing</subfield>
    </datafield>
    <datafield tag="385" ind1="9" ind2="9">
      <subfield code="9">testing</subfield>
    </datafield>
    <datafield tag="386" ind1="9" ind2="9">
      <subfield code="9">testing</subfield>
    </datafield>
    <datafield tag="387" ind1="9" ind2="9">
      <subfield code="9">testing</subfield>
    </datafield>
    <datafield tag="388" ind1="9" ind2="9">
      <subfield code="9">testing</subfield>
    </datafield>
    <datafield tag="389" ind1="9" ind2="9">
      <subfield code="9">testing</subfield>
    </datafield>
    <datafield tag="784" ind1="9" ind2="9">
      <subfield code="9">testing</subfield>
    </datafield>
    <datafield tag="785" ind1="9" ind2="9">
      <subfield code="9">testing</subfield>
    </datafield>
    <datafield tag="786" ind1="9" ind2="9">
      <subfield code="9">testing</subfield>
    </datafield>
    <datafield tag="787" ind1="9" ind2="9">
      <subfield code="9">testing</subfield>
    </datafield>
    <datafield tag="780" ind1="9" ind2="9">
      <subfield code="9">testing</subfield>
    </datafield>
    <datafield tag="781" ind1="9" ind2="9">
      <subfield code="9">testing</subfield>
    </datafield>
    <datafield tag="782" ind1="9" ind2="9">
      <subfield code="9">testing</subfield>
    </datafield>
    <datafield tag="783" ind1="9" ind2="9">
      <subfield code="9">testing</subfield>
    </datafield>
    <datafield tag="788" ind1="9" ind2="9">
      <subfield code="9">testing</subfield>
    </datafield>
    <datafield tag="789" ind1="9" ind2="9">
      <subfield code="9">testing</subfield>
    </datafield>
    <datafield tag="605" ind1="9" ind2="9">
      <subfield code="9">testing</subfield>
    </datafield>
    <datafield tag="579" ind1="9" ind2="9">
      <subfield code="9">testing</subfield>
    </datafield>
    <datafield tag="578" ind1="9" ind2="9">
      <subfield code="9">testing</subfield>
    </datafield>
    <datafield tag="604" ind1="9" ind2="9">
      <subfield code="9">testing</subfield>
    </datafield>
    <datafield tag="573" ind1="9" ind2="9">
      <subfield code="9">testing</subfield>
    </datafield>
    <datafield tag="572" ind1="9" ind2="9">
      <subfield code="9">testing</subfield>
    </datafield>
    <datafield tag="571" ind1="9" ind2="9">
      <subfield code="9">testing</subfield>
    </datafield>
    <datafield tag="570" ind1="9" ind2="9">
      <subfield code="9">testing</subfield>
    </datafield>
    <datafield tag="577" ind1="9" ind2="9">
      <subfield code="9">testing</subfield>
    </datafield>
    <datafield tag="576" ind1="9" ind2="9">
      <subfield code="9">testing</subfield>
    </datafield>
    <datafield tag="575" ind1="9" ind2="9">
      <subfield code="9">testing</subfield>
    </datafield>
    <datafield tag="574" ind1="9" ind2="9">
      <subfield code="9">testing</subfield>
    </datafield>
    <datafield tag="258" ind1="9" ind2="9">
      <subfield code="9">testing</subfield>
    </datafield>
    <datafield tag="259" ind1="9" ind2="9">
      <subfield code="9">testing</subfield>
    </datafield>
    <datafield tag="252" ind1="9" ind2="9">
      <subfield code="9">testing</subfield>
    </datafield>
    <datafield tag="253" ind1="9" ind2="9">
      <subfield code="9">testing</subfield>
    </datafield>
    <datafield tag="250" ind1="9" ind2="9">
      <subfield code="9">testing</subfield>
    </datafield>
    <datafield tag="251" ind1="9" ind2="9">
      <subfield code="9">testing</subfield>
    </datafield>
    <datafield tag="256" ind1="9" ind2="9">
      <subfield code="9">testing</subfield>
    </datafield>
    <datafield tag="257" ind1="9" ind2="9">
      <subfield code="9">testing</subfield>
    </datafield>
    <datafield tag="254" ind1="9" ind2="9">
      <subfield code="9">testing</subfield>
    </datafield>
    <datafield tag="255" ind1="9" ind2="9">
      <subfield code="9">testing</subfield>
    </datafield>
    <datafield tag="603" ind1="9" ind2="9">
      <subfield code="9">testing</subfield>
    </datafield>
    <datafield tag="602" ind1="9" ind2="9">
      <subfield code="9">testing</subfield>
    </datafield>
    <datafield tag="939" ind1="9" ind2="9">
      <subfield code="9">testing</subfield>
    </datafield>
    <datafield tag="731" ind1="9" ind2="9">
      <subfield code="9">testing</subfield>
    </datafield>
    <datafield tag="730" ind1="9" ind2="9">
      <subfield code="9">testing</subfield>
    </datafield>
    <datafield tag="733" ind1="9" ind2="9">
      <subfield code="9">testing</subfield>
    </datafield>
    <datafield tag="732" ind1="9" ind2="9">
      <subfield code="9">testing</subfield>
    </datafield>
    <datafield tag="735" ind1="9" ind2="9">
      <subfield code="9">testing</subfield>
    </datafield>
    <datafield tag="734" ind1="9" ind2="9">
      <subfield code="9">testing</subfield>
    </datafield>
    <datafield tag="508" ind1="9" ind2="9">
      <subfield code="9">testing</subfield>
    </datafield>
    <datafield tag="509" ind1="9" ind2="9">
      <subfield code="9">testing</subfield>
    </datafield>
    <datafield tag="506" ind1="9" ind2="9">
      <subfield code="9">testing</subfield>
    </datafield>
    <datafield tag="507" ind1="9" ind2="9">
      <subfield code="9">testing</subfield>
    </datafield>
    <datafield tag="504" ind1="9" ind2="9">
      <subfield code="9">testing</subfield>
    </datafield>
    <datafield tag="505" ind1="9" ind2="9">
      <subfield code="9">testing</subfield>
    </datafield>
    <datafield tag="502" ind1="9" ind2="9">
      <subfield code="9">testing</subfield>
    </datafield>
    <datafield tag="503" ind1="9" ind2="9">
      <subfield code="9">testing</subfield>
    </datafield>
    <datafield tag="500" ind1="9" ind2="9">
      <subfield code="9">testing</subfield>
    </datafield>
    <datafield tag="501" ind1="9" ind2="9">
      <subfield code="9">testing</subfield>
    </datafield>
    <datafield tag="630" ind1="9" ind2="9">
      <subfield code="9">testing</subfield>
    </datafield>
    <datafield tag="631" ind1="9" ind2="9">
      <subfield code="9">testing</subfield>
    </datafield>
    <datafield tag="632" ind1="9" ind2="9">
      <subfield code="9">testing</subfield>
    </datafield>
    <datafield tag="633" ind1="9" ind2="9">
      <subfield code="9">testing</subfield>
    </datafield>
    <datafield tag="469" ind1="9" ind2="9">
      <subfield code="9">testing</subfield>
    </datafield>
    <datafield tag="468" ind1="9" ind2="9">
      <subfield code="9">testing</subfield>
    </datafield>
    <datafield tag="636" ind1="9" ind2="9">
      <subfield code="9">testing</subfield>
    </datafield>
    <datafield tag="637" ind1="9" ind2="9">
      <subfield code="9">testing</subfield>
    </datafield>
    <datafield tag="465" ind1="9" ind2="9">
      <subfield code="9">testing</subfield>
    </datafield>
    <datafield tag="464" ind1="9" ind2="9">
      <subfield code="9">testing</subfield>
    </datafield>
    <datafield tag="467" ind1="9" ind2="9">
      <subfield code="9">testing</subfield>
    </datafield>
    <datafield tag="466" ind1="9" ind2="9">
      <subfield code="9">testing</subfield>
    </datafield>
    <datafield tag="461" ind1="9" ind2="9">
      <subfield code="9">testing</subfield>
    </datafield>
    <datafield tag="460" ind1="9" ind2="9">
      <subfield code="9">testing</subfield>
    </datafield>
    <datafield tag="463" ind1="9" ind2="9">
      <subfield code="9">testing</subfield>
    </datafield>
    <datafield tag="462" ind1="9" ind2="9">
      <subfield code="9">testing</subfield>
    </datafield>
    <datafield tag="168" ind1="9" ind2="9">
      <subfield code="9">testing</subfield>
    </datafield>
    <datafield tag="169" ind1="9" ind2="9">
      <subfield code="9">testing</subfield>
    </datafield>
    <datafield tag="164" ind1="9" ind2="9">
      <subfield code="9">testing</subfield>
    </datafield>
    <datafield tag="165" ind1="9" ind2="9">
      <subfield code="9">testing</subfield>
    </datafield>
    <datafield tag="166" ind1="9" ind2="9">
      <subfield code="9">testing</subfield>
    </datafield>
    <datafield tag="167" ind1="9" ind2="9">
      <subfield code="9">testing</subfield>
    </datafield>
    <datafield tag="160" ind1="9" ind2="9">
      <subfield code="9">testing</subfield>
    </datafield>
    <datafield tag="161" ind1="9" ind2="9">
      <subfield code="9">testing</subfield>
    </datafield>
    <datafield tag="162" ind1="9" ind2="9">
      <subfield code="9">testing</subfield>
    </datafield>
    <datafield tag="163" ind1="9" ind2="9">
      <subfield code="9">testing</subfield>
    </datafield>
    <datafield tag="964" ind1="9" ind2="9">
      <subfield code="9">testing</subfield>
    </datafield>
    <datafield tag="965" ind1="9" ind2="9">
      <subfield code="9">testing</subfield>
    </datafield>
    <datafield tag="966" ind1="9" ind2="9">
      <subfield code="9">testing</subfield>
    </datafield>
    <datafield tag="967" ind1="9" ind2="9">
      <subfield code="9">testing</subfield>
    </datafield>
    <datafield tag="960" ind1="9" ind2="9">
      <subfield code="9">testing</subfield>
    </datafield>
    <datafield tag="961" ind1="9" ind2="9">
      <subfield code="9">testing</subfield>
    </datafield>
    <datafield tag="962" ind1="9" ind2="9">
      <subfield code="9">testing</subfield>
    </datafield>
    <datafield tag="963" ind1="9" ind2="9">
      <subfield code="9">testing</subfield>
    </datafield>
    <datafield tag="968" ind1="9" ind2="9">
      <subfield code="9">testing</subfield>
    </datafield>
    <datafield tag="969" ind1="9" ind2="9">
      <subfield code="9">testing</subfield>
    </datafield>
    <datafield tag="936" ind1="9" ind2="9">
      <subfield code="9">testing</subfield>
    </datafield>
    <datafield tag="935" ind1="9" ind2="9">
      <subfield code="9">testing</subfield>
    </datafield>
    <datafield tag="934" ind1="9" ind2="9">
      <subfield code="9">testing</subfield>
    </datafield>
    <datafield tag="076" ind1="9" ind2="9">
      <subfield code="9">testing</subfield>
    </datafield>
    <datafield tag="077" ind1="9" ind2="9">
      <subfield code="9">testing</subfield>
    </datafield>
    <datafield tag="074" ind1="9" ind2="9">
      <subfield code="9">testing</subfield>
    </datafield>
    <datafield tag="075" ind1="9" ind2="9">
      <subfield code="9">testing</subfield>
    </datafield>
    <datafield tag="072" ind1="9" ind2="9">
      <subfield code="9">testing</subfield>
    </datafield>
    <datafield tag="073" ind1="9" ind2="9">
      <subfield code="9">testing</subfield>
    </datafield>
    <datafield tag="070" ind1="9" ind2="9">
      <subfield code="9">testing</subfield>
    </datafield>
    <datafield tag="071" ind1="9" ind2="9">
      <subfield code="9">testing</subfield>
    </datafield>
    <datafield tag="078" ind1="9" ind2="9">
      <subfield code="9">testing</subfield>
    </datafield>
    <datafield tag="079" ind1="9" ind2="9">
      <subfield code="9">testing</subfield>
    </datafield>
    <datafield tag="600" ind1="9" ind2="9">
      <subfield code="9">testing</subfield>
    </datafield>
    <datafield tag="878" ind1="9" ind2="9">
      <subfield code="9">testing</subfield>
    </datafield>
    <datafield tag="879" ind1="9" ind2="9">
      <subfield code="9">testing</subfield>
    </datafield>
    <datafield tag="876" ind1="9" ind2="9">
      <subfield code="9">testing</subfield>
    </datafield>
    <datafield tag="877" ind1="9" ind2="9">
      <subfield code="9">testing</subfield>
    </datafield>
    <datafield tag="874" ind1="9" ind2="9">
      <subfield code="9">testing</subfield>
    </datafield>
    <datafield tag="875" ind1="9" ind2="9">
      <subfield code="9">testing</subfield>
    </datafield>
    <datafield tag="872" ind1="9" ind2="9">
      <subfield code="9">testing</subfield>
    </datafield>
    <datafield tag="873" ind1="9" ind2="9">
      <subfield code="9">testing</subfield>
    </datafield>
    <datafield tag="870" ind1="9" ind2="9">
      <subfield code="9">testing</subfield>
    </datafield>
    <datafield tag="871" ind1="9" ind2="9">
      <subfield code="9">testing</subfield>
    </datafield>
    <datafield tag="890" ind1="9" ind2="9">
      <subfield code="9">testing</subfield>
    </datafield>
    <datafield tag="891" ind1="9" ind2="9">
      <subfield code="9">testing</subfield>
    </datafield>
    <datafield tag="892" ind1="9" ind2="9">
      <subfield code="9">testing</subfield>
    </datafield>
    <datafield tag="893" ind1="9" ind2="9">
      <subfield code="9">testing</subfield>
    </datafield>
    <datafield tag="894" ind1="9" ind2="9">
      <subfield code="9">testing</subfield>
    </datafield>
    <datafield tag="647" ind1="9" ind2="9">
      <subfield code="9">testing</subfield>
    </datafield>
    <datafield tag="896" ind1="9" ind2="9">
      <subfield code="9">testing</subfield>
    </datafield>
    <datafield tag="897" ind1="9" ind2="9">
      <subfield code="9">testing</subfield>
    </datafield>
    <datafield tag="898" ind1="9" ind2="9">
      <subfield code="9">testing</subfield>
    </datafield>
    <datafield tag="899" ind1="9" ind2="9">
      <subfield code="9">testing</subfield>
    </datafield>
    <datafield tag="646" ind1="9" ind2="9">
      <subfield code="9">testing</subfield>
    </datafield>
    <datafield tag="649" ind1="9" ind2="9">
      <subfield code="9">testing</subfield>
    </datafield>
    <datafield tag="648" ind1="9" ind2="9">
      <subfield code="9">testing</subfield>
    </datafield>
    <datafield tag="357" ind1="9" ind2="9">
      <subfield code="9">testing</subfield>
    </datafield>
    <datafield tag="356" ind1="9" ind2="9">
      <subfield code="9">testing</subfield>
    </datafield>
    <datafield tag="355" ind1="9" ind2="9">
      <subfield code="9">testing</subfield>
    </datafield>
    <datafield tag="354" ind1="9" ind2="9">
      <subfield code="9">testing</subfield>
    </datafield>
    <datafield tag="353" ind1="9" ind2="9">
      <subfield code="9">testing</subfield>
    </datafield>
    <datafield tag="352" ind1="9" ind2="9">
      <subfield code="9">testing</subfield>
    </datafield>
    <datafield tag="351" ind1="9" ind2="9">
      <subfield code="9">testing</subfield>
    </datafield>
    <datafield tag="350" ind1="9" ind2="9">
      <subfield code="9">testing</subfield>
    </datafield>
    <datafield tag="803" ind1="9" ind2="9">
      <subfield code="9">testing</subfield>
    </datafield>
    <datafield tag="802" ind1="9" ind2="9">
      <subfield code="9">testing</subfield>
    </datafield>
    <datafield tag="801" ind1="9" ind2="9">
      <subfield code="9">testing</subfield>
    </datafield>
    <datafield tag="800" ind1="9" ind2="9">
      <subfield code="9">testing</subfield>
    </datafield>
    <datafield tag="807" ind1="9" ind2="9">
      <subfield code="9">testing</subfield>
    </datafield>
    <datafield tag="806" ind1="9" ind2="9">
      <subfield code="9">testing</subfield>
    </datafield>
    <datafield tag="359" ind1="9" ind2="9">
      <subfield code="9">testing</subfield>
    </datafield>
    <datafield tag="358" ind1="9" ind2="9">
      <subfield code="9">testing</subfield>
    </datafield>
    <datafield tag="216" ind1="9" ind2="9">
      <subfield code="9">testing</subfield>
    </datafield>
    <datafield tag="217" ind1="9" ind2="9">
      <subfield code="9">testing</subfield>
    </datafield>
    <datafield tag="214" ind1="9" ind2="9">
      <subfield code="9">testing</subfield>
    </datafield>
    <datafield tag="215" ind1="9" ind2="9">
      <subfield code="9">testing</subfield>
    </datafield>
    <datafield tag="212" ind1="9" ind2="9">
      <subfield code="9">testing</subfield>
    </datafield>
    <datafield tag="213" ind1="9" ind2="9">
      <subfield code="9">testing</subfield>
    </datafield>
    <datafield tag="210" ind1="9" ind2="9">
      <subfield code="9">testing</subfield>
    </datafield>
    <datafield tag="211" ind1="9" ind2="9">
      <subfield code="9">testing</subfield>
    </datafield>
    <datafield tag="762" ind1="9" ind2="9">
      <subfield code="9">testing</subfield>
    </datafield>
    <datafield tag="763" ind1="9" ind2="9">
      <subfield code="9">testing</subfield>
    </datafield>
    <datafield tag="760" ind1="9" ind2="9">
      <subfield code="9">testing</subfield>
    </datafield>
    <datafield tag="761" ind1="9" ind2="9">
      <subfield code="9">testing</subfield>
    </datafield>
    <datafield tag="766" ind1="9" ind2="9">
      <subfield code="9">testing</subfield>
    </datafield>
    <datafield tag="767" ind1="9" ind2="9">
      <subfield code="9">testing</subfield>
    </datafield>
    <datafield tag="218" ind1="9" ind2="9">
      <subfield code="9">testing</subfield>
    </datafield>
    <datafield tag="219" ind1="9" ind2="9">
      <subfield code="9">testing</subfield>
    </datafield>
    <datafield tag="289" ind1="9" ind2="9">
      <subfield code="9">testing</subfield>
    </datafield>
    <datafield tag="288" ind1="9" ind2="9">
      <subfield code="9">testing</subfield>
    </datafield>
    <datafield tag="281" ind1="9" ind2="9">
      <subfield code="9">testing</subfield>
    </datafield>
    <datafield tag="280" ind1="9" ind2="9">
      <subfield code="9">testing</subfield>
    </datafield>
    <datafield tag="283" ind1="9" ind2="9">
      <subfield code="9">testing</subfield>
    </datafield>
    <datafield tag="282" ind1="9" ind2="9">
      <subfield code="9">testing</subfield>
    </datafield>
    <datafield tag="285" ind1="9" ind2="9">
      <subfield code="9">testing</subfield>
    </datafield>
    <datafield tag="284" ind1="9" ind2="9">
      <subfield code="9">testing</subfield>
    </datafield>
    <datafield tag="287" ind1="9" ind2="9">
      <subfield code="9">testing</subfield>
    </datafield>
    <datafield tag="286" ind1="9" ind2="9">
      <subfield code="9">testing</subfield>
    </datafield>
    <datafield tag="678" ind1="9" ind2="9">
      <subfield code="9">testing</subfield>
    </datafield>
    <datafield tag="679" ind1="9" ind2="9">
      <subfield code="9">testing</subfield>
    </datafield>
    <datafield tag="674" ind1="9" ind2="9">
      <subfield code="9">testing</subfield>
    </datafield>
    <datafield tag="675" ind1="9" ind2="9">
      <subfield code="9">testing</subfield>
    </datafield>
    <datafield tag="676" ind1="9" ind2="9">
      <subfield code="9">testing</subfield>
    </datafield>
    <datafield tag="677" ind1="9" ind2="9">
      <subfield code="9">testing</subfield>
    </datafield>
    <datafield tag="670" ind1="9" ind2="9">
      <subfield code="9">testing</subfield>
    </datafield>
    <datafield tag="671" ind1="9" ind2="9">
      <subfield code="9">testing</subfield>
    </datafield>
    <datafield tag="672" ind1="9" ind2="9">
      <subfield code="9">testing</subfield>
    </datafield>
    <datafield tag="673" ind1="9" ind2="9">
      <subfield code="9">testing</subfield>
    </datafield>
    <datafield tag="263" ind1="9" ind2="9">
      <subfield code="9">testing</subfield>
    </datafield>
    <datafield tag="262" ind1="9" ind2="9">
      <subfield code="9">testing</subfield>
    </datafield>
    <datafield tag="261" ind1="9" ind2="9">
      <subfield code="9">testing</subfield>
    </datafield>
    <datafield tag="260" ind1="9" ind2="9">
      <subfield code="9">testing</subfield>
    </datafield>
    <datafield tag="267" ind1="9" ind2="9">
      <subfield code="9">testing</subfield>
    </datafield>
    <datafield tag="266" ind1="9" ind2="9">
      <subfield code="9">testing</subfield>
    </datafield>
    <datafield tag="265" ind1="9" ind2="9">
      <subfield code="9">testing</subfield>
    </datafield>
    <datafield tag="264" ind1="9" ind2="9">
      <subfield code="9">testing</subfield>
    </datafield>
    <datafield tag="269" ind1="9" ind2="9">
      <subfield code="9">testing</subfield>
    </datafield>
    <datafield tag="268" ind1="9" ind2="9">
      <subfield code="9">testing</subfield>
    </datafield>
    <datafield tag="701" ind1="9" ind2="9">
      <subfield code="9">testing</subfield>
    </datafield>
    <datafield tag="537" ind1="9" ind2="9">
      <subfield code="9">testing</subfield>
    </datafield>
    <datafield tag="536" ind1="9" ind2="9">
      <subfield code="9">testing</subfield>
    </datafield>
    <datafield tag="535" ind1="9" ind2="9">
      <subfield code="9">testing</subfield>
    </datafield>
    <datafield tag="534" ind1="9" ind2="9">
      <subfield code="9">testing</subfield>
    </datafield>
    <datafield tag="533" ind1="9" ind2="9">
      <subfield code="9">testing</subfield>
    </datafield>
    <datafield tag="532" ind1="9" ind2="9">
      <subfield code="9">testing</subfield>
    </datafield>
    <datafield tag="531" ind1="9" ind2="9">
      <subfield code="9">testing</subfield>
    </datafield>
    <datafield tag="530" ind1="9" ind2="9">
      <subfield code="9">testing</subfield>
    </datafield>
    <datafield tag="539" ind1="9" ind2="9">
      <subfield code="9">testing</subfield>
    </datafield>
    <datafield tag="538" ind1="9" ind2="9">
      <subfield code="9">testing</subfield>
    </datafield>
    <datafield tag="987" ind1="9" ind2="9">
      <subfield code="9">testing</subfield>
    </datafield>
    <datafield tag="775" ind1="9" ind2="9">
      <subfield code="9">testing</subfield>
    </datafield>
    <datafield tag="988" ind1="9" ind2="9">
      <subfield code="9">testing</subfield>
    </datafield>
    <datafield tag="989" ind1="9" ind2="9">
      <subfield code="9">testing</subfield>
    </datafield>
    <datafield tag="774" ind1="9" ind2="9">
      <subfield code="9">testing</subfield>
    </datafield>
    <datafield tag="982" ind1="9" ind2="9">
      <subfield code="9">testing</subfield>
    </datafield>
    <datafield tag="983" ind1="9" ind2="9">
      <subfield code="9">testing</subfield>
    </datafield>
    <datafield tag="980" ind1="9" ind2="9">
      <subfield code="9">testing</subfield>
    </datafield>
    <datafield tag="981" ind1="9" ind2="9">
      <subfield code="9">testing</subfield>
    </datafield>
    <datafield tag="986" ind1="9" ind2="9">
      <subfield code="9">testing</subfield>
    </datafield>
    <datafield tag="777" ind1="9" ind2="9">
      <subfield code="9">testing</subfield>
    </datafield>
    <datafield tag="984" ind1="9" ind2="9">
      <subfield code="9">testing</subfield>
    </datafield>
    <datafield tag="985" ind1="9" ind2="9">
      <subfield code="9">testing</subfield>
    </datafield>
    <datafield tag="115" ind1="9" ind2="9">
      <subfield code="9">testing</subfield>
    </datafield>
    <datafield tag="114" ind1="9" ind2="9">
      <subfield code="9">testing</subfield>
    </datafield>
    <datafield tag="117" ind1="9" ind2="9">
      <subfield code="9">testing</subfield>
    </datafield>
    <datafield tag="116" ind1="9" ind2="9">
      <subfield code="9">testing</subfield>
    </datafield>
    <datafield tag="111" ind1="9" ind2="9">
      <subfield code="9">testing</subfield>
    </datafield>
    <datafield tag="110" ind1="9" ind2="9">
      <subfield code="9">testing</subfield>
    </datafield>
    <datafield tag="113" ind1="9" ind2="9">
      <subfield code="9">testing</subfield>
    </datafield>
    <datafield tag="112" ind1="9" ind2="9">
      <subfield code="9">testing</subfield>
    </datafield>
    <datafield tag="771" ind1="9" ind2="9">
      <subfield code="9">testing</subfield>
    </datafield>
    <datafield tag="119" ind1="9" ind2="9">
      <subfield code="9">testing</subfield>
    </datafield>
    <datafield tag="118" ind1="9" ind2="9">
      <subfield code="9">testing</subfield>
    </datafield>
    <datafield tag="770" ind1="9" ind2="9">
      <subfield code="9">testing</subfield>
    </datafield>
    <datafield tag="773" ind1="9" ind2="9">
      <subfield code="9">testing</subfield>
    </datafield>
    <datafield tag="772" ind1="9" ind2="9">
      <subfield code="9">testing</subfield>
    </datafield>
    <datafield tag="429" ind1="9" ind2="9">
      <subfield code="9">testing</subfield>
    </datafield>
    <datafield tag="428" ind1="9" ind2="9">
      <subfield code="9">testing</subfield>
    </datafield>
    <datafield tag="919" ind1="9" ind2="9">
      <subfield code="9">testing</subfield>
    </datafield>
    <datafield tag="918" ind1="9" ind2="9">
      <subfield code="9">testing</subfield>
    </datafield>
    <datafield tag="421" ind1="9" ind2="9">
      <subfield code="9">testing</subfield>
    </datafield>
    <datafield tag="420" ind1="9" ind2="9">
      <subfield code="9">testing</subfield>
    </datafield>
    <datafield tag="423" ind1="9" ind2="9">
      <subfield code="9">testing</subfield>
    </datafield>
    <datafield tag="422" ind1="9" ind2="9">
      <subfield code="9">testing</subfield>
    </datafield>
    <datafield tag="425" ind1="9" ind2="9">
      <subfield code="9">testing</subfield>
    </datafield>
    <datafield tag="424" ind1="9" ind2="9">
      <subfield code="9">testing</subfield>
    </datafield>
    <datafield tag="427" ind1="9" ind2="9">
      <subfield code="9">testing</subfield>
    </datafield>
    <datafield tag="426" ind1="9" ind2="9">
      <subfield code="9">testing</subfield>
    </datafield>
    <datafield tag="308" ind1="9" ind2="9">
      <subfield code="9">testing</subfield>
    </datafield>
    <datafield tag="309" ind1="9" ind2="9">
      <subfield code="9">testing</subfield>
    </datafield>
    <datafield tag="855" ind1="9" ind2="9">
      <subfield code="9">testing</subfield>
    </datafield>
    <datafield tag="300" ind1="9" ind2="9">
      <subfield code="9">testing</subfield>
    </datafield>
    <datafield tag="301" ind1="9" ind2="9">
      <subfield code="9">testing</subfield>
    </datafield>
    <datafield tag="302" ind1="9" ind2="9">
      <subfield code="9">testing</subfield>
    </datafield>
    <datafield tag="303" ind1="9" ind2="9">
      <subfield code="9">testing</subfield>
    </datafield>
    <datafield tag="304" ind1="9" ind2="9">
      <subfield code="9">testing</subfield>
    </datafield>
    <datafield tag="305" ind1="9" ind2="9">
      <subfield code="9">testing</subfield>
    </datafield>
    <datafield tag="306" ind1="9" ind2="9">
      <subfield code="9">testing</subfield>
    </datafield>
    <datafield tag="307" ind1="9" ind2="9">
      <subfield code="9">testing</subfield>
    </datafield>
    <datafield tag="825" ind1="9" ind2="9">
      <subfield code="9">testing</subfield>
    </datafield>
    <datafield tag="049" ind1="9" ind2="9">
      <subfield code="9">testing</subfield>
    </datafield>
    <datafield tag="048" ind1="9" ind2="9">
      <subfield code="9">testing</subfield>
    </datafield>
    <datafield tag="047" ind1="9" ind2="9">
      <subfield code="9">testing</subfield>
    </datafield>
    <datafield tag="046" ind1="9" ind2="9">
      <subfield code="9">testing</subfield>
    </datafield>
    <datafield tag="045" ind1="9" ind2="9">
      <subfield code="9">testing</subfield>
    </datafield>
    <datafield tag="044" ind1="9" ind2="9">
      <subfield code="9">testing</subfield>
    </datafield>
    <datafield tag="043" ind1="9" ind2="9">
      <subfield code="9">testing</subfield>
    </datafield>
    <datafield tag="042" ind1="9" ind2="9">
      <subfield code="9">testing</subfield>
    </datafield>
    <datafield tag="041" ind1="9" ind2="9">
      <subfield code="9">testing</subfield>
    </datafield>
    <datafield tag="040" ind1="9" ind2="9">
      <subfield code="9">testing</subfield>
    </datafield>
    <datafield tag="847" ind1="9" ind2="9">
      <subfield code="9">testing</subfield>
    </datafield>
    <datafield tag="846" ind1="9" ind2="9">
      <subfield code="9">testing</subfield>
    </datafield>
    <datafield tag="845" ind1="9" ind2="9">
      <subfield code="9">testing</subfield>
    </datafield>
    <datafield tag="826" ind1="9" ind2="9">
      <subfield code="9">testing</subfield>
    </datafield>
    <datafield tag="843" ind1="9" ind2="9">
      <subfield code="9">testing</subfield>
    </datafield>
    <datafield tag="842" ind1="9" ind2="9">
      <subfield code="9">testing</subfield>
    </datafield>
    <datafield tag="841" ind1="9" ind2="9">
      <subfield code="9">testing</subfield>
    </datafield>
    <datafield tag="840" ind1="9" ind2="9">
      <subfield code="9">testing</subfield>
    </datafield>
    <datafield tag="821" ind1="9" ind2="9">
      <subfield code="9">testing</subfield>
    </datafield>
    <datafield tag="853" ind1="9" ind2="9">
      <subfield code="9">testing</subfield>
    </datafield>
    <datafield tag="849" ind1="9" ind2="9">
      <subfield code="9">testing</subfield>
    </datafield>
    <datafield tag="820" ind1="9" ind2="9">
      <subfield code="9">testing</subfield>
    </datafield>
    <datafield tag="823" ind1="9" ind2="9">
      <subfield code="9">testing</subfield>
    </datafield>
    <datafield tag="822" ind1="9" ind2="9">
      <subfield code="9">testing</subfield>
    </datafield>
    <datafield tag="744" ind1="9" ind2="9">
      <subfield code="9">testing</subfield>
    </datafield>
    <datafield tag="745" ind1="9" ind2="9">
      <subfield code="9">testing</subfield>
    </datafield>
    <datafield tag="568" ind1="9" ind2="9">
      <subfield code="9">testing</subfield>
    </datafield>
    <datafield tag="569" ind1="9" ind2="9">
      <subfield code="9">testing</subfield>
    </datafield>
    <datafield tag="751" ind1="9" ind2="9">
      <subfield code="9">testing</subfield>
    </datafield>
    <datafield tag="750" ind1="9" ind2="9">
      <subfield code="9">testing</subfield>
    </datafield>
    <datafield tag="757" ind1="9" ind2="9">
      <subfield code="9">testing</subfield>
    </datafield>
    <datafield tag="737" ind1="9" ind2="9">
      <subfield code="9">testing</subfield>
    </datafield>
    <datafield tag="755" ind1="9" ind2="9">
      <subfield code="9">testing</subfield>
    </datafield>
    <datafield tag="754" ind1="9" ind2="9">
      <subfield code="9">testing</subfield>
    </datafield>
    <datafield tag="560" ind1="9" ind2="9">
      <subfield code="9">testing</subfield>
    </datafield>
    <datafield tag="561" ind1="9" ind2="9">
      <subfield code="9">testing</subfield>
    </datafield>
    <datafield tag="562" ind1="9" ind2="9">
      <subfield code="9">testing</subfield>
    </datafield>
    <datafield tag="563" ind1="9" ind2="9">
      <subfield code="9">testing</subfield>
    </datafield>
    <datafield tag="564" ind1="9" ind2="9">
      <subfield code="9">testing</subfield>
    </datafield>
    <datafield tag="565" ind1="9" ind2="9">
      <subfield code="9">testing</subfield>
    </datafield>
    <datafield tag="566" ind1="9" ind2="9">
      <subfield code="9">testing</subfield>
    </datafield>
    <datafield tag="567" ind1="9" ind2="9">
      <subfield code="9">testing</subfield>
    </datafield>
    <datafield tag="739" ind1="9" ind2="9">
      <subfield code="9">testing</subfield>
    </datafield>
    <datafield tag="229" ind1="9" ind2="9">
      <subfield code="9">testing</subfield>
    </datafield>
    <datafield tag="228" ind1="9" ind2="9">
      <subfield code="9">testing</subfield>
    </datafield>
    <datafield tag="227" ind1="9" ind2="9">
      <subfield code="9">testing</subfield>
    </datafield>
    <datafield tag="226" ind1="9" ind2="9">
      <subfield code="9">testing</subfield>
    </datafield>
    <datafield tag="225" ind1="9" ind2="9">
      <subfield code="9">testing</subfield>
    </datafield>
    <datafield tag="224" ind1="9" ind2="9">
      <subfield code="9">testing</subfield>
    </datafield>
    <datafield tag="223" ind1="9" ind2="9">
      <subfield code="9">testing</subfield>
    </datafield>
    <datafield tag="222" ind1="9" ind2="9">
      <subfield code="9">testing</subfield>
    </datafield>
    <datafield tag="221" ind1="9" ind2="9">
      <subfield code="9">testing</subfield>
    </datafield>
    <datafield tag="220" ind1="9" ind2="9">
      <subfield code="9">testing</subfield>
    </datafield>
    <datafield tag="726" ind1="9" ind2="9">
      <subfield code="9">testing</subfield>
    </datafield>
    <datafield tag="727" ind1="9" ind2="9">
      <subfield code="9">testing</subfield>
    </datafield>
    <datafield tag="724" ind1="9" ind2="9">
      <subfield code="9">testing</subfield>
    </datafield>
    <datafield tag="725" ind1="9" ind2="9">
      <subfield code="9">testing</subfield>
    </datafield>
    <datafield tag="722" ind1="9" ind2="9">
      <subfield code="9">testing</subfield>
    </datafield>
    <datafield tag="723" ind1="9" ind2="9">
      <subfield code="9">testing</subfield>
    </datafield>
    <datafield tag="720" ind1="9" ind2="9">
      <subfield code="9">testing</subfield>
    </datafield>
    <datafield tag="721" ind1="9" ind2="9">
      <subfield code="9">testing</subfield>
    </datafield>
    <datafield tag="728" ind1="9" ind2="9">
      <subfield code="9">testing</subfield>
    </datafield>
    <datafield tag="729" ind1="9" ind2="9">
      <subfield code="9">testing</subfield>
    </datafield>
    <datafield tag="151" ind1="9" ind2="9">
      <subfield code="9">testing</subfield>
    </datafield>
    <datafield tag="150" ind1="9" ind2="9">
      <subfield code="9">testing</subfield>
    </datafield>
    <datafield tag="153" ind1="9" ind2="9">
      <subfield code="9">testing</subfield>
    </datafield>
    <datafield tag="152" ind1="9" ind2="9">
      <subfield code="9">testing</subfield>
    </datafield>
    <datafield tag="155" ind1="9" ind2="9">
      <subfield code="9">testing</subfield>
    </datafield>
    <datafield tag="154" ind1="9" ind2="9">
      <subfield code="9">testing</subfield>
    </datafield>
    <datafield tag="157" ind1="9" ind2="9">
      <subfield code="9">testing</subfield>
    </datafield>
    <datafield tag="156" ind1="9" ind2="9">
      <subfield code="9">testing</subfield>
    </datafield>
    <datafield tag="159" ind1="9" ind2="9">
      <subfield code="9">testing</subfield>
    </datafield>
    <datafield tag="158" ind1="9" ind2="9">
      <subfield code="9">testing</subfield>
    </datafield>
    <datafield tag="609" ind1="9" ind2="9">
      <subfield code="9">testing</subfield>
    </datafield>
    <datafield tag="608" ind1="9" ind2="9">
      <subfield code="9">testing</subfield>
    </datafield>
    <datafield tag="976" ind1="9" ind2="9">
      <subfield code="9">testing</subfield>
    </datafield>
    <datafield tag="634" ind1="9" ind2="9">
      <subfield code="9">testing</subfield>
    </datafield>
    <datafield tag="635" ind1="9" ind2="9">
      <subfield code="9">testing</subfield>
    </datafield>
    <datafield tag="959" ind1="9" ind2="9">
      <subfield code="9">testing</subfield>
    </datafield>
    <datafield tag="958" ind1="9" ind2="9">
      <subfield code="9">testing</subfield>
    </datafield>
    <datafield tag="951" ind1="9" ind2="9">
      <subfield code="9">testing</subfield>
    </datafield>
    <datafield tag="950" ind1="9" ind2="9">
      <subfield code="9">testing</subfield>
    </datafield>
    <datafield tag="953" ind1="9" ind2="9">
      <subfield code="9">testing</subfield>
    </datafield>
    <datafield tag="952" ind1="9" ind2="9">
      <subfield code="9">testing</subfield>
    </datafield>
    <datafield tag="955" ind1="9" ind2="9">
      <subfield code="9">testing</subfield>
    </datafield>
    <datafield tag="954" ind1="9" ind2="9">
      <subfield code="9">testing</subfield>
    </datafield>
    <datafield tag="957" ind1="9" ind2="9">
      <subfield code="9">testing</subfield>
    </datafield>
    <datafield tag="956" ind1="9" ind2="9">
      <subfield code="9">testing</subfield>
    </datafield>
    <datafield tag="638" ind1="9" ind2="9">
      <subfield code="9">testing</subfield>
    </datafield>
    <datafield tag="639" ind1="9" ind2="9">
      <subfield code="9">testing</subfield>
    </datafield>
    <datafield tag="089" ind1="9" ind2="9">
      <subfield code="9">testing</subfield>
    </datafield>
    <datafield tag="088" ind1="9" ind2="9">
      <subfield code="9">testing</subfield>
    </datafield>
    <datafield tag="083" ind1="9" ind2="9">
      <subfield code="9">testing</subfield>
    </datafield>
    <datafield tag="082" ind1="9" ind2="9">
      <subfield code="9">testing</subfield>
    </datafield>
    <datafield tag="081" ind1="9" ind2="9">
      <subfield code="9">testing</subfield>
    </datafield>
    <datafield tag="080" ind1="9" ind2="9">
      <subfield code="9">testing</subfield>
    </datafield>
    <datafield tag="087" ind1="9" ind2="9">
      <subfield code="9">testing</subfield>
    </datafield>
    <datafield tag="086" ind1="9" ind2="9">
      <subfield code="9">testing</subfield>
    </datafield>
    <datafield tag="085" ind1="9" ind2="9">
      <subfield code="9">testing</subfield>
    </datafield>
    <datafield tag="084" ind1="9" ind2="9">
      <subfield code="9">testing</subfield>
    </datafield>
    <datafield tag="489" ind1="9" ind2="9">
      <subfield code="9">testing</subfield>
    </datafield>
    <datafield tag="488" ind1="9" ind2="9">
      <subfield code="9">testing</subfield>
    </datafield>
    <datafield tag="487" ind1="9" ind2="9">
      <subfield code="9">testing</subfield>
    </datafield>
    <datafield tag="486" ind1="9" ind2="9">
      <subfield code="9">testing</subfield>
    </datafield>
    <datafield tag="485" ind1="9" ind2="9">
      <subfield code="9">testing</subfield>
    </datafield>
    <datafield tag="484" ind1="9" ind2="9">
      <subfield code="9">testing</subfield>
    </datafield>
    <datafield tag="483" ind1="9" ind2="9">
      <subfield code="9">testing</subfield>
    </datafield>
    <datafield tag="482" ind1="9" ind2="9">
      <subfield code="9">testing</subfield>
    </datafield>
    <datafield tag="481" ind1="9" ind2="9">
      <subfield code="9">testing</subfield>
    </datafield>
    <datafield tag="480" ind1="9" ind2="9">
      <subfield code="9">testing</subfield>
    </datafield>
    <datafield tag="472" ind1="9" ind2="9">
      <subfield code="9">testing</subfield>
    </datafield>
    <datafield tag="473" ind1="9" ind2="9">
      <subfield code="9">testing</subfield>
    </datafield>
    <datafield tag="470" ind1="9" ind2="9">
      <subfield code="9">testing</subfield>
    </datafield>
    <datafield tag="471" ind1="9" ind2="9">
      <subfield code="9">testing</subfield>
    </datafield>
    <datafield tag="476" ind1="9" ind2="9">
      <subfield code="9">testing</subfield>
    </datafield>
    <datafield tag="477" ind1="9" ind2="9">
      <subfield code="9">testing</subfield>
    </datafield>
    <datafield tag="474" ind1="9" ind2="9">
      <subfield code="9">testing</subfield>
    </datafield>
    <datafield tag="475" ind1="9" ind2="9">
      <subfield code="9">testing</subfield>
    </datafield>
    <datafield tag="478" ind1="9" ind2="9">
      <subfield code="9">testing</subfield>
    </datafield>
    <datafield tag="479" ind1="9" ind2="9">
      <subfield code="9">testing</subfield>
    </datafield>
  </record>
</collection>
